2932 5004
774 311 816 372 94

202 495 233 560 δὲ
264 503 334 566 ταῖς
365 495 546 579 εὐμορφίαις
579 497 740 576 ἐκπρεπεῖς
771 495 949 577 παριίκοιτοι
983 502 1103 562 πολλῶν
1136 495 1389 562 solidissimi.

204 615 249 682 Er
284 638 348 704 quo
378 617 449 683 loco
478 629 640 706 praeterea
670 617 817 684 coniicias
848 617 959 684 ultima
990 617 1085 684 verba
1117 617 1180 683 loci
1211 619 1310 682 nostri
1343 619 1391 683 sic

201 759 267 803 esse
299 735 560 827 redintegranda:
593 737 636 802 rol
671 737 701 802 δὲ
733 735 867 818 κεροίμιοι
892 741 945 804 τοῦ
971 737 1144 826 (Ποντικοῦ)
1174 739 1305 820 ταρίχου
1325 741 1390 804 τῶν

200 857 416 939 ζευγνλατῶνς
442 881 516 924 nem
540 859 608 924 iure
631 857 833 947 explosissent
857 858 992 924 Romani
1017 857 1194 936 Catonem,
1215 859 1240 924 si
1260 858 1390 924 dixisset

200 980 327 1068 quaevis
354 979 541 1046 salsamenta
570 979 669 1068 pluris
699 979 850 1058 veniisse,
882 1001 978 1068 quam
1011 981 1108 1044 boves
1139 979 1296 1068 iugales,
1329 981 1390 1067 qui

198 1101 278 1164 miro
310 1123 384 1166 sane
415 1123 474 1166 usu
506 1099 559 1166 hic
588 1099 650 1166 dici
676 1098 848 1166 creduntur
871 1098 1077 1180 ζευνκλύται.
1125 1100 1174 1165 lta
1199 1101 1284 1164 enim
1308 1075 1391 1166 alibi

199 1219 307 1286 audire
328 1221 429 1286 solent
448 1229 612 1286 oratores
638 1220 721 1310 (ride
737 1245 766 1286 ν.
786 1244 815 1287 c.
831 1219 977 1310 Xenoph.
997 1222 1030 1285 in
1045 1219 1147 1286 duab.
1164 1221 1209 1286 Vl
1218 1269 1227 1300 ,
1249 1219 1387 1308 1§18),

198 1365 302 1432 neque
333 1343 480 1410 vocabuli
510 1341 694 1432 compositio
717 1342 812 1408 otiam
835 1342 1033 1431 significandi
1056 1354 1245 1431 potestatem
1269 1341 1389 1406 admit-

197 1477 264 1530 tere
291 1463 425 1530 videtur.
474 1463 595 1532 Locum
628 1485 739 1528 sanum
770 1486 835 1530 esse
865 1463 1031 1528 confirmat
1055 1462 1179 1550 Polyhii
1200 1475 1387 1552 excerptum
1460 1517 1461 1520 η

200 1589 214 1648 l
258 1608 294 1650 er
325 1585 398 1650 libr.
435 1584 557 1650 XXXII
588 1608 639 1674 ap.
674 1585 772 1663 Mat,
804 1583 860 1650 ubi
890 1596 999 1648 tamen
1030 1585 1201 1650 rectissime
1232 1585 1387 1673 scriptum

196 1707 322 1771 invenio
368 1713 472 1770 πλεῖον
511 1705 700 1786 εὑρίσκωσιν,
744 1702 1013 1792 quemadmodum
1048 1702 1221 1770 Iliodorum
1256 1727 1387 1793 quoque

195 1826 316 1900 dedisse
350 1825 443 1892 modo
481 1825 576 1893 huius
608 1826 670 1892 loci
700 1825 828 1914 ignarus
862 1823 1120 1914 perhibebam1).
1169 1825 1386 1892 intellexerim

195 1949 292 2037 igitur
322 1948 345 2012 l.
378 1971 411 2012 n.
443 1947 548 2037 potius
583 1967 702 2014 servos
737 1953 922 2024 aratores,
957 1965 1054 2032 quam
1089 1945 1185 2010 boves
1220 1946 1384 2035 iugales,

196 2069 314 2159 quippe
338 2069 393 2156 qui
416 2066 510 2148 ζεύγη
534 2066 645 2145 βοεικὰ
671 2066 789 2132 Graece
812 2065 876 2132 dici
899 2065 1029 2132 soleant.

241 2185 483 2277 Corruptissime
517 2199 589 2255 sunt
624 2185 735 2252 ultima
767 2185 862 2252 rerba
897 2185 936 2252 lr.
975 2183 1112 2250 XXXV:
1150 2186 1318 2256 ἀκολούθως
1349 2187 1383 2252 δὲ

194 2307 312 2382 τούτοις
343 2308 396 2372 καί
425 2313 483 2372 τῶν
514 2311 721 2386 περιοικουοῶν
749 2309 806 2382 τίιυ
833 2305 949 2386 ‘Polum
981 2305 1098 2372 πίλτων
1130 2303 1216 2380 ύοαις
1239 2307 1253 2371 l
1275 2305 1384 2388 χρόνος

194 2429 251 2504 τὴν
278 2427 474 2510 οίναοτροφίρν
503 2427 598 2494 ἐδίδου
628 2428 724 2492 ἐλθεῖν
753 2427 827 2509 πρὸς
857 2431 909 2494 τὸν
932 2435 987 2503 τῆς
1012 2427 1145 2510 εἰιΦοροῖς
1169 2425 1285 2507 καιρύν,
1310 2429 1382 2492 καί
1460 2495 1461 2498 ,

194 2555 264 2616 τῶν
299 2551 368 2624 riso
398 2550 440 2621 sio
474 2550 528 2624 riu
556 2549 673 2626 Ῥύμκν
704 2549 821 2627 πιμύρκ
854 2547 1005 2628 σχεδὸν
1038 2548 1159 2626 τιριιὶν
1189 2549 1275 2627 μετα
1306 2571 1384 2629 προ·

193 2671 316 2750 ίυραίατ.
364 2667 530 2759 Suspicor:
549 2649 776 2743 κατήντων
807 2667 850 2740 είς
873 2668 929 2742 τὴν
954 2667 1071 2746 'Polum
1098 2668 1299 2748 πανδημεί
1323 2669 1382 2733 ἐκ·

193 2791 396 2874 κείμεναι
428 2789 514 2867 μετα
546 2789 713 2870 προθυμίας
742 2788 857 2854 collato
887 2789 927 2854 fr.
958 2791 1001 2856 36
1024 2788 1081 2854 lib.
1108 2781 1278 2856 XXXVII:
1304 2791 1383 2856 ιίκο-

193 2911 303 2985 λούύως
332 2911 364 2975 δὲ
396 2909 512 2983 τούτοις
544 2909 596 2976 καὶ
620 2908 706 2976 κατὰ
730 2909 785 2983 τίρν
808 2909 976 2990 παρουσίαν
999 2914 1052 2974 τοῦ
1076 2909 1232 2987 βασιλέως
1255 2912 1383 2986 οίπιίν-

193 3057 267 3099 των
297 3034 331 3098 αἱ
361 3031 465 3105 πύλεις
498 3029 746 3111 ἐκχεόμεναι
777 3029 992 3108 πανδημεί.
1041 3029 1136 3096 Nunc
1158 3029 1247 3096 rideo
1271 3031 1381 3098 Ludo·

193 3156 299 3221 vicum
330 3152 531 3218 Diudorfium
561 3153 625 3218 iam
652 3151 841 3218 coniecisse:
878 3152 1081 3227 κατήντων
1104 3189 1151 3202 --
1173 3151 1316 3234 πχεδύν
1340 3179 1380 3220 τι

193 3273 413 3353 πανδημεί,
444 3271 585 3340 adhibito
612 3272 693 3340 forte
715 3272 842 3338 fortuna
865 3271 977 3338 eodem
1000 3271 1081 3338 loco.
1131 3273 1252 3362 Perlegi
1275 3285 1379 3340 totum

193 3396 387 3474 Diodorum,
412 3393 467 3460 scd
491 3417 648 3484 nusquam
667 3392 804 3458 formula
823 3393 936 3473 σχεδόν
956 3417 986 3457 τι
1009 3393 1089 3460 milri
1101 3394 1183 3460 lacta
1196 3407 1241 3462 est
1253 3395 1381 3464 ebriam

192 3517 277 3608 apud
307 3537 390 3584 eum.
438 3513 569 3593 Atticis,
594 3513 708 3602 quibus
727 3513 854 3602 propria
873 3525 939 3592 est,
965 3535 1001 3580 ea
1018 3513 1226 3604 relinquendo
1241 3516 1377 3586 ridetur.

191 3638 360 3727 Sequiores
384 3637 483 3724 (certe
500 3633 667 3722 Diodorus)
694 3645 875 3700 constanter
898 3635 1050 3702 omittunt
1074 3648 1144 3725 post
1157 3636 1269 3719 σχεδὸν
1280 3659 1375 3726 pron.

190 3757 404 3825 indefinitum.
445 3757 527 3823 utut
549 3768 616 3834 cst,
640 3755 799 3830 κατύντων
822 3755 855 3820 h.
881 3755 904 3821 l.
929 3769 1014 3822 certa
1037 3757 1161 3824 ridetur
1183 3757 1376 3826 emendatio.

192 3877 265 3945 Non
287 3879 392 3942 minus
412 3876 573 3944 evidenter
588 3877 702 3966 corrigi
719 3887 821 3966 potest
840 3851 965 3942 initium
987 3877 1027 3942 fr.
1051 3877 1204 3944 XXXVII
1227 3877 1376 3968 (XXVI).

190 4105 387 4125 W

226 4238 257 4308 1)
284 4233 361 4304 Quod
389 4253 449 4292 vcro
471 4235 564 4291 deinde
587 4235 736 4310 suspicabar
753 4235 772 4290 l.
792 4255 830 4290 ινα
851 4240 904 4294 τοῦ
923 4238 1099 4308 (Ποντικοῦ)
1118 4239 1255 4310 ταρίχου,
1276 4254 1305 4292 eo
1323 4237 1381 4294 loco

189 4348 241 4384 non
259 4327 449 4398 confirmatur,
473 4330 551 4405 eulpa
575 4339 664 4384 tomen
683 4329 803 4404 eclogarii
822 4329 862 4385 vel
882 4331 998 4400 librarii,
1018 4331 1059 4385 uti
1078 4328 1152 4384 docet
1171 4330 1319 4388 Athenaeus
1340 4337 1375 4388 Vl

189 4442 211 4477 c.
240 4426 289 4492 21,
313 4423 383 4498 apud
402 4445 481 4500 quem
501 4423 602 4500 Polybii
621 4423 691 4476 locus
711 4422 874 4480 emendatius
894 4425 930 4480 sic
949 4426 1060 4501 scriptus
1082 4433 1177 4478 exstet:
1200 4431 1378 4499 τριακοσίων

190 4509 241 4587 μὲν
272 4515 406 4590 δραχμῶν
438 4519 575 4594 κεράμιον
603 4519 757 4592 ταρίχων
784 4521 971 4579 Ποντικῶν
1000 4517 1180 4596 ὠνησάμενοι
1202 4522 1259 4579 κτὲ.
1301 4524 1377 4580 adde

190 4606 244 4662 Lib.
266 4611 384 4666 xxxvtl
405 4611 435 4670 lr.
457 4617 473 4668 l
493 4615 546 4688 (sp.
568 4612 624 4668 uui.
646 4631 669 4686 p.
693 4615 768 4688 114).
