2990 5012
685 477 704 542 ὁ

133 665 271 736 Atticum
297 687 369 736 esse
394 668 476 736 male
500 665 628 756 negarit
653 667 787 756 Kriiger.
813 668 892 737 Vide
912 668 1067 737 Gabatum
1090 668 1121 737 in
1140 669 1255 737 Mnem.

129 785 179 852 nl.
204 807 234 873 p.
261 787 336 851 106.

177 903 216 965 17
242 901 258 984 ᾧ
285 902 373 968 1.εν
392 911 459 980 τοῖς
484 901 633 968 πλεῖσται
659 903 697 984 δὴ
719 915 790 984 νῆες
812 902 866 984 ἅμ’
884 903 995 980 αὐτοῖς
1019 908 1142 985 ἐνεργοί
1168 903 1256 970 κάλ-

69 1017 238 1120 λει’
224 1019 386 1195 εγίιὲοντο.
434 1013 587 1104 Suspicor
609 1017 740 1084 ἄλλαι
768 1018 885 1104 ἄλλῃ.

5 1081 139 1292 3149
177 1131 260 1214 did
340 1135 398 1210 ξεν
427 1134 559 1219 ξιφιδίῳ
584 1138 637 1198 καί
664 1133 725 1217 (ἐν)
754 1140 889 1217 θώρακι.
935 1131 1078 1199 insoto‘
1065 1161 1109 1202 εν.

176 1247 217 1311 ol
243 1131 327 1312 indii
352 1249 459 1316 ουδενί
480 1254 541 1332 γὰρ
563 1251 772 1326 ἀκουσίως
796 1251 948 1335 οίφῒχθαι.
975 1247 1097 1334 Lego
1075 1257 1254 1337 οικουσίῳ.

175 1365 229 1426 42.
264 1364 488 1449 χαλεπώτατοι
518 1365 552 1430 δὲ
587 1365 670 1448 [καί]
701 1369 732 1430 οί
764 1369 816 1430 ἐπί
854 1375 986 1449 χρήμασι
1023 1391 1255 1454 προσκατη-

129 1489 359 1562 μοροίιντες
384 1480 600 1557 ἐπίδειξίν
627 1487 731 1546 τινά.
769 1477 971 1563 Legendnntt
994 1508 1256 1568 προκατηγο-

129 1605 303 1675 ροῑιντες
329 1595 569 1671 ἐπιδείξειν
598 1603 704 1661 τινά.
753 1592 964 1680 Respondent
984 1593 1063 1661 hoec
1087 1594 1183 1662 verba
1207 1595 1255 1662 in-

130 1705 327 1774 simulationi
351 1705 477 1774 Cleonis
502 1709 544 1774 38
569 1709 584 1794 ξ
610 1713 628 1773 2
653 1711 818 1792 δῆλονὸτι
843 1720 863 1795 ἠ
887 1721 930 1794 τόν
954 1711 1059 1792 λε’μειν
1084 1721 1254 1790 πιστεύσας

131 1829 166 1889 τό
194 1833 282 1892 πάνυ
310 1825 425 1893 δοκοῦν
454 1831 687 1908 α’νταποφῆναι
719 1831 762 1901 ὡς
787 1831 843 1894 οιικ
873 1828 1031 1905 ἔγνωσται
1064 1825 1255 1908 ιίγοινίσαιτ’

128 1947 171 2006 ἂν
196 1941 338 2025 ῇκίρδει
363 1947 573 2024 ἐπαιρόμενος
599 1947 664 2006 κτὲ.
700 1939 744 2007 Cf.
770 1943 813 2006 40
836 1941 854 2025 d
879 1941 909 2005 3.
945 1941 1144 2020 Ἐπιδείξειν
1169 1939 1255 2008 Cios-

129 2053 221 2121 senio
256 2075 387 2144 quoqne
419 2054 506 2122 venit
534 2055 566 2122 in
599 2067 756 2135 mentem,
790 2055 846 2122 sed
879 2067 1157 2144 προκατηγορεῖυ
1189 2075 1254 2123 nan

128 2171 238 2239 minus
263 2181 312 2239 est
338 2169 570 2238 necessarium.

174 2290 216 2354 49
242 2288 259 2372 ό
284 2291 313 2352 2.
349 2291 477 2370 ἐγίνετο
506 2291 631 2372 σπουδὴ
660 2296 716 2356 τοῦ
745 2289 828 2356 πλοῖι
864 2293 998 2374 τοιαύτη
1033 2290 1109 2356 ὥστ’
1137 2298 1253 2375 ἤσθιον

128 2431 164 2476 τι
187 2409 254 2488 ἅμα
280 2405 470 2479 ἐλαύνοντες
488 2441 527 2450 -
545 2410 600 2469 καί
626 2403 671 2488 [οἱ
685 2403 760 2487 μὲν]
778 2406 884 2470 ὕπνον
901 2411 1036 2492 ᾑροῦντο
1055 2411 1139 2472 κατὰ
1161 2407 1254 2488 με’ρος

129 2519 177 2602 [οἱ
196 2519 230 2585 δὲ
254 2520 424 2604 ἤλαυνον]
452 2517 621 2584 ’θοιιιιιύοο
643 2525 725 2585 κατὰ
749 2521 843 2603 μέρος
860 2517 1083 2607 interpretatio
1103 2519 1178 2586 olim
1196 2519 1253 2586 has

128 2633 240 2702 turbas
260 2632 388 2701 dedisse
411 2632 546 2700 ridetur.
571 2631 808 2700 Dubitationern
834 2641 941 2700 tarnen
965 2631 1067 2700 iniieit
1094 2634 1185 2701 iocus
1202 2633 1252 2700 W.

128 2754 171 2818 26
189 2757 327 2819 καὶτῶν
349 2757 430 2818 νεῶν
447 2754 504 2818 οὐκ
522 2755 664 2839 ἐχουσῶν
687 2755 785 2836 ὅρμον
804 2754 835 2817 οί
846 2753 918 2837 (pto
932 2756 967 2816 αί
978 2747 1068 2833 Cob.)
1089 2756 1148 2834 μὲν
1162 2759 1252 2818 οἶτον

128 2873 164 2935 ἐν
190 2877 230 2952 τῇ
253 2877 294 2953 γῇ
318 2875 455 2956 ᾑροῦντο
482 2866 579 2950 [κάτα
602 2866 712 2950 μέρος]
735 2870 768 2932 οἱ
790 2867 862 2953 (pto
885 2868 922 2932 αί
944 2863 1085 2949 Cob.)ds⁸
1101 2868 1252 2950 μετέωροι

127 2983 274 3066 ὥρμουν,
301 2977 355 3046 ubi
380 2979 532 3047 voeabula
566 2979 690 3050 inclusa
721 2977 920 3046 omittuntur
950 2999 967 3046 a
992 2977 1088 3046 Suida
1115 3001 1139 3046 s.
1165 3001 1191 3043 v.
1209 2991 1253 3046 οῖ-

126 3124 191 3173 τος.
240 3095 389 3162 Fortasse
406 3093 505 3182 igitur
528 3104 670 3182 praestat
693 3093 788 3161 etiam
813 3093 844 3160 h.
869 3094 889 3159 i.
914 3093 1022 3162 delere
1046 3102 1130 3162 κατὰ
1148 3098 1251 3182 μέρος.

173 3212 213 3277 51
239 3212 256 3295 δ
282 3213 311 3276 3.
337 3218 392 3278 τόν
418 3212 559 3279 ἔσπλουν
573 3231 616 3258 -’-
633 3217 646 3277 ε’
658 3211 936 3296 λευθερόισας.
961 3209 1092 3277 Frustra
1111 3219 1254 3276 tontoinr

125 3328 219 3394 locus
244 3347 308 3394 non
334 3326 423 3393 vaide
448 3324 598 3393 difficilis.
622 3324 666 3393 of.
692 3324 749 3392 Dio
773 3323 901 3392 Cassius
927 3325 1017 3392 nn.
1044 3329 1084 3392 12
1102 3326 1119 3410 d
1137 3328 1178 3390 12
1196 3333 1252 3392 τὸν

127 3471 162 3512 τε
187 3444 327 3512 ἔσπλουν
352 3444 643 3528 ἠλευθέρωσεν
669 3451 766 3529 atquo
779 3440 855 3508 ibid.
869 3445 913 3509 40
925 3443 941 3527 ό
955 3446 983 3508 2.
1010 3441 1101 3521 Quod
1109 3437 1254 3508 ¹ooniooit

126 3557 259 3625 Classen
283 3560 474 3646 κλῃθρὼοος
490 3576 550 3623 nee
567 3555 725 3624 Graecum
743 3566 792 3624 est
808 3576 914 3645 neque
935 3566 1044 3645 aptum
1064 3553 1252 3622 sententiae.

162 3654 215 3740 '52
240 3673 257 3757 δ
277 3676 308 3736 2.
334 3681 361 3740 εί
376 3675 605 3760 βούλονται-
626 3675 796 3751 δικασταῖς
814 3677 950 3751 ἐκείνοις
969 3681 1148 3760 χρήσασθαι
1167 3678 1252 3747 τούς

94 3779 168 3884 ..τε
197 3791 330 3864 ἀδίκους
356 3789 505 3866 κολάζειν
535 3793 622 3872 παρὰ
648 3789 742 3875 δίκην
768 3789 795 3854 δ’
820 3789 947 3856 οὐδένα.
995 3785 1123 3853 Scribe:
1150 3789 1251 3854 ὥστε

127 3910 224 3981 τούς
248 3906 382 3981 α’δίκους
410 3904 456 3986 (oi
487 3901 622 3970 fortasse
646 3903 928 3986 ἀδικοῦντας)
953 3903 1102 3982 κολάζειν
1128 3907 1213 3978 κτί.,
1231 3897 1251 3965 i.

126 4043 157 4090 e.
181 4040 219 4086 αι
245 4018 446 4098 conditione,
471 4025 509 4084 nt
530 4018 645 4084 nonies
668 4019 841 4106 praeirent.

172 4137 214 4202 οἳ
233 4145 312 4200 extr.
337 4139 367 4201 οἱ
391 4135 425 4200 os·
449 4131 678 4220 (Plataeenses)
700 4135 849 4216 ἔλεγον
871 4140 1080 4221 αἰτησάμενοι
1104 4139 1253 4217 μακρό-

126 4281 216 4336 τερα
241 4257 343 4317 εἰπεῖν
359 4286 399 4296 -
415 4255 478 4316 καί
497 4251 694 4328 ἐπελθόντες
713 4252 848 4331 ἔλεγον
874 4251 992 4317 τοιάδε.
1033 4245 1124 4314 Certa
1143 4265 1252 4313 emon-

125 4363 255 4434 dntione
290 4382 431 4452 repono:
457 4368 488 4430 οί
518 4366 560 4431 δὲ
596 4365 721 4446 λόγον
752 4371 959 4451 αἰτησάμενοι
991 4371 1251 4447 μακρότερον

125 4489 230 4550 εἰπεῖν
249 4517 291 4526 -
305 4479 390 4563 [καί]
407 4478 603 4554 ἐπελθόντες
620 4481 772 4560 ἔλεγον
791 4480 910 4547 τοιάδε.
928 4477 974 4544 Cf.
991 4497 1019 4544 e.
1037 4479 1079 4544 60
1093 4484 1124 4542 ot
1138 4477 1177 4540 61
1192 4471 1250 4558 di.

171 4595 214 4661 63
237 4595 254 4680 δ
279 4597 309 4660 4.
334 4601 390 4672 τὰς
415 4598 527 4678 όμοίας
550 4602 682 4680 χάριτας
705 4603 746 4680 μὴ
773 4595 1068 4663 όντιδιδόναι.
1093 4589 1251 4660 Graecum
