2990 5012
691 461 710 526 9

136 679 189 730 τος
217 689 260 700 -
288 657 342 720 καὶ
371 659 414 731 ὠς
441 657 594 724 α’ντιῖπιν
616 655 875 734 ἐπισπασθέντος
890 689 933 700 -
948 657 1001 720 καὶ
1022 653 1265 742 θορνβηθέν·

135 797 197 845 το,-
215 777 279 837 ure.
297 767 329 834 L.
353 777 647 858 θορυβήσαντας
669 769 689 836 i.
710 789 737 838 e.
760 781 863 860 ηιιιινο
880 769 1060 858 tumultum
1078 767 1260 835 excitasset.

183 885 246 950 133
280 888 297 970 d
333 889 362 952 2.
398 892 451 954 ὃτι
486 891 720 971 ἐπεφεύγει.
751 886 787 954 L.
816 884 866 956 ὅτ’
899 891 1044 972 ἕφυγι,
1085 883 1119 952 ni
1155 881 1264 972 potius

139 1009 315 1087 utrumque
340 1001 533 1070 vocabulum
558 1002 821 1091 expungendum.

181 1115 217 1182 V.
244 1119 322 1204 loe
347 1119 377 1184 5.
405 1117 559 1207 Suspecta
589 1118 668 1186 mihi
694 1129 769 1186 sunt
792 1117 903 1186 verba:
932 1117 980 1195 οἷς
1005 1124 1064 1204 γὰρ
1092 1122 1135 1183 ἂν
1169 1128 1262 1185 τοῦτο

135 1239 289 1322 γίγνηται
313 1273 357 1282 -
377 1240 451 1314 τούς
479 1243 643 1314 ἐπιόντας.
691 1235 848 1302 Redolent
871 1232 956 1301 enim
978 1231 1187 1318 interpretem
1206 1250 1264 1317 po·

136 1347 200 1416 tius
218 1371 316 1438 quam
337 1349 542 1438 ingeniosum
564 1351 766 1440 scriptorem.
785 1351 832 1417 bd
846 1368 913 1416 rem
929 1348 968 1415 ci.
981 1346 1048 1414 Liv.
1062 1346 1111 1413 IV.
1126 1347 1166 1412 37
1180 1347 1196 1431 b
1211 1349 1262 1413 10.

182 1469 223 1530 ‘22
247 1467 263 1551 b
288 1469 316 1530 2.
342 1464 498 1554 Expunge
522 1471 712 1551 νομίσαντες
736 1469 853 1544 αὐτούς
875 1475 907 1532 et
926 1469 963 1532 οὐ
984 1473 1058 1530 ente
1083 1466 1218 1538 δεινοιΐς.

181 1581 223 1644 23
246 1592 326 1647 extt'.
349 1586 399 1648 ὅτι
417 1589 461 1649 ἂν
478 1585 570 1668 δοκῇ.
588 1589 721 1667 εὔορκον
745 1585 906 1666 cippati
917 1609 1007 1664 ροις
1028 1575 1123 1647 εἶναι.
1150 1576 1263 1642 Trans·

135 1714 220 1782 pone
231 1697 312 1781 ὁσιιῇ
323 1698 373 1780 cip
384 1699 483 1780 φοτέ
492 1727 508 1780 ρ
519 1725 534 1762 ο
545 1727 554 1762 ι
565 1727 596 1776 ς,
613 1705 746 1782 εὔορκον
760 1694 854 1764 εἶναι.
870 1693 914 1762 Ci.
930 1715 955 1762 e.
972 1697 1012 1762 18
1027 1704 1106 1760 extr.
1121 1703 1152 1759 et
1166 1713 1193 1758 e.
1209 1693 1261 1758 29.

181 1811 221 1875 29
246 1812 262 1895 b
287 1813 315 1874 1.
343 1813 566 1894 κατέστραπτο
593 1811 764 1896 [ὑπήκοον]
785 1818 817 1876 et
834 1811 875 1875 32
892 1812 909 1894 d
927 1813 943 1874 1
971 1811 1111 1897 Δηλίους
1132 1811 1166 1875 δὲ
1185 1834 1262 1875 ιιοιτ-

132 1933 258 2008 ηγαγον
287 1925 387 1992 πάλιν
426 1925 472 2009 [ἐς
512 1926 633 2010 Δῆλον]
662 1923 752 1992 etv.
778 1929 808 1991 1.
834 1927 974 2010 Δηλίους
999 1926 1180 2010 α’νέστησαν
1212 1923 1261 2007 [ἐκ

135 2040 272 2124 Attae}
298 2038 459 2106 vocabula
482 2039 607 2108 inclusa
630 2041 817 2128 relegentur
842 2041 874 2108 in
898 2039 1089 2126 marginem.

181 2153 222 2220 36
246 2156 263 2240 d
287 2159 316 2221 3.
343 2154 545 2244 Transpone:
567 2161 616 2225 οέιὶ
638 2159 765 2237 καλῶς
786 2162 967 2242 ἠπίσταντο
988 2195 1030 2206 -
1052 2161 1138 2241 σφίσι
1152 2157 1262 2240 φίλιον

135 2272 305 2353 γενέσθαι.

183 2385 226 2451 38
250 2387 267 2470 b
291 2389 321 2450 1.
345 2392 381 2454 τὸ
410 2395 470 2473 γὰρ
496 2389 574 2455 αὐτὸ
601 2391 793 2457 ἐποίουν.
818 2386 946 2456 Conieci
972 2389 1201 2464 ἔσπευδον,
1228 2397 1264 2452 ut

134 2507 175 2568 τὰ
198 2507 293 2586 ὁμοῖα
318 2503 467 2570 σπεύδειν
493 2523 561 2591 cap.
587 2503 628 2568 37
646 2506 662 2589 ξ
678 2507 715 2582 4,
740 2502 795 2570 ubi
812 2513 901 2570 recte
918 2503 968 2572 Kr.
988 2503 1073 2571 delet
1090 2522 1199 2591 praep.
1219 2508 1262 2579 ἐς.

180 2619 222 2683 46
247 2617 264 2702 b
289 2619 318 2683 1.
352 2623 521 2694 όΝικίας
551 2623 667 2705 καίπερ
702 2620 781 2703 [τῶν
814 2621 1088 2704 Λακεδαιμονίων
1121 2621 1261 2687 αὐτῶν

131 2732 366 2818 ἠπατημένων]
384 2738 438 2799 καὶ
457 2736 553 2812 αὐτὸς
570 2734 813 2820 ἐξηπατημένος
831 2733 917 2816 [περὶ
936 2743 990 2802 τοῦ
1006 2771 1045 2780 -
1060 2735 1163 2818 ἣκειν]
1178 2741 1261 2818 ὅμως

134 2853 201 2913 nrt.
225 2844 264 2913 Gi
293 2866 361 2934 cap.
386 2867 491 2936 praec.
514 2849 531 2931 d
554 2851 584 2912 2.
611 2846 649 2914 Et
672 2846 851 2934 incongrua
874 2845 975 2914 menti
1000 2846 1167 2937 scriptoris
1186 2860 1263 2914 sunt

134 2983 218 3052 quae
243 2961 369 3030 uncinis
394 2961 480 3049 sepsi
505 2970 536 3028 et
561 2982 678 3060 spurca
703 2961 848 3030 oratione
873 2962 1064 3052 conscripta.
1091 2963 1169 3029 Nam
1199 2961 1263 3050 pri-

135 3101 224 3148 murn
254 3079 407 3166 deceptos
432 3097 504 3144 csse
528 3077 671 3145 Lacones
696 3078 775 3146 nibil
798 3079 954 3148 attinebat
980 3080 1010 3146 h.
1034 3081 1054 3146 l.
1072 3079 1192 3148 diserte
1210 3099 1260 3146 re-

134 3205 262 3285 petere,
289 3192 441 3282 quoniam
466 3192 511 3260 rei
539 3193 638 3260 cardo
663 3193 799 3260 vertitur
823 3194 854 3261 in
882 3195 1006 3274 fraude,
1029 3193 1061 3262 in
1079 3215 1175 3282 quam
1193 3193 1262 3283 ipse

54 3297 60 3304 ’
133 3309 239 3378 Nicias
263 3307 437 3388 inciderat,
463 3308 563 3396 idque
588 3309 757 3376 eominus
782 3309 869 3397 quod
899 3310 986 3376 iilud
1008 3309 1070 3376 iam
1102 3307 1262 3397 significa-

134 3437 188 3494 tur
212 3423 383 3523 ¹vocabulis
413 3431 467 3492 καὶ
495 3427 606 3504 αὐτὸς,
633 3433 701 3492 tum
725 3444 860 3514 prorsus
884 3424 1025 3492 absurde
1052 3425 1182 3493 additur
1205 3429 1263 3493 αὐ-

133 3550 209 3618 τῶν,
246 3539 375 3606 tandem
403 3538 508 3606 Nicias
534 3559 599 3606 non
625 3545 807 3628 ἐξηπάτητο
835 3548 931 3624 περὶ
960 3553 1029 3610 τοῦ
1055 3541 1111 3608 sed
1144 3553 1195 3629 τῷ
1220 3551 1261 3627 μὴ

132 3659 372 3742 αὐτοκράτορας
392 3657 588 3741 ὁμολογῆσαι
615 3667 715 3741 ἣκειν.
755 3655 916 3725 voeabula
933 3667 999 3728 τῶν
1022 3669 1107 3726 Aen.
1123 3695 1165 3705 -
1178 3665 1262 3742 ἠπα-

132 3775 300 3858 τημένων,
324 3771 427 3839 sime
451 3770 562 3851 audis,
589 3783 665 3838 sunt
698 3771 858 3839 scholium
888 3771 1063 3860 marginale
1094 3772 1133 3840 ad
1166 3771 1262 3840 verba

135 3895 204 3956 καὶ
230 3891 370 3967 αὐτὸς,
388 3887 484 3954 verba
508 3896 581 3974 πιρὶ
606 3927 649 3936 ·-
673 3901 763 3972 ἠἰιιιν
787 3887 827 3956 ad
853 3891 1104 3976 ἐξηπατημένος.
1165 3949 1167 3954 ,

179 4003 223 4070 54
248 4013 329 4070 extr.
355 4032 440 4081 τινες
466 4005 524 4089 [οἱ]
550 4009 609 4088 μὲν
627 4041 670 4052 -
686 4011 717 4072 οἶ
737 4006 783 4071 δέ.
812 4003 964 4071 Similiter
989 4004 1128 4072 subinde
1144 4004 1264 4072 dieitur

134 4121 217 4189 ἔνιοι
242 4125 302 4204 μὲν
328 4156 370 4167 -
396 4124 428 4186 οἱ
451 4120 506 4197 δὲ,
531 4125 562 4186 οἱ
584 4125 642 4204 μὲν
669 4157 709 4166 -
734 4121 831 4188 ἄλλοι
857 4123 902 4188 δι’.

182 4237 224 4300 64
249 4242 329 4300 extr.
354 4235 500 4302 διελθεῖν
521 4242 580 4318 τὴν
602 4235 773 4320 πολεμίαν·
795 4236 983 4324 ξυνέκληι
1005 4242 1065 4320 γὰρ
1083 4237 1137 4302 διὰ
1155 4237 1265 4318 μέσου·

137 4349 185 4416 dn
205 4354 364 4436 ξυνιχης
390 4353 447 4428 (sc.
472 4349 639 4434 πολιμίο),
659 4347 679 4413 i.
694 4368 721 4414 e.
743 4349 901 4414 contituta
924 4348 1008 4414 cuitu
1029 4355 1121 4414 terra
1136 4347 1265 4414 hostilis

138 4461 284 4550 (dapalis
315 4469 346 4529 et
377 4461 538 4546 Arcadia)
571 4482 622 4528 eos
643 4463 846 4550 separabat?
874 4461 917 4530 Cf.
947 4460 1111 4550 DieCuss.
1137 4465 1189 4532 55.
1220 4468 1262 4534 20

137 4570 240 4662 nette
264 4591 303 4662 γη
329 4579 383 4646 διὰ
404 4581 503 4660 μέσον
527 4583 625 4647 ἐστίν.
