2990 5012
794 447 834 528 ’18

295 647 436 736 intellegi
462 660 615 737 poterunt
638 649 718 716 haee
743 649 838 716 verba
863 661 1007 716 correcta
1031 649 1063 716 in
1088 651 1174 716 hune
1191 649 1340 716 moduni:

428 772 515 850 παρά
540 767 573 831 δι’
600 768 746 834 κυανέων
765 767 972 834 ’σπιλάδων
997 768 1133 850 διδύμας
1156 769 1234 844 ἁλός

428 919 469 929 -—
495 919 535 928 —
559 879 604 948 ‘lu'
627 882 819 968 ἀγχίπτολις
844 883 955 968 ’Ἄρης

426 999 561 1062 δισσοῖσι
587 999 758 1072 Φινεΐὸαις

427 1107 511 1178 εἷσεν
537 1114 694 1196 αραῖον
718 1111 812 1185 ’ἕλκος

427 1229 619 1311 άραχθὲν
644 1227 678 1302 ἐξ
702 1229 817 1308 α’μρίας
843 1227 1004 1309 δάμαρτος

427 1340 569 1406 zituron
594 1341 840 1422 άλαστόρονς
865 1345 907 1406 ἐν
931 1342 1081 1422 ὀμμάτων
1108 1337 1236 1413 κύκλοις

427 1454 745 1536 τυφλωάέντιον
771 1459 838 1519 κτὲ.

293 1565 344 1632 vs.
383 1568 446 1632 966
481 1569 647 1635 σπιλάδων
681 1565 820 1632 debetur
856 1564 1049 1641 Wieselero‚
1075 1563 1132 1630 sed
1156 1563 1216 1631 atie
1242 1563 1274 1630 in
1299 1585 1376 1653 pro-

250 1679 329 1760 tasi,
365 1701 448 1770 quoe
479 1679 591 1748 finitur
630 1681 786 1748 vocabulo
820 1682 1049 1766 Σαλμυδησός,
1088 1689 1218 1746 manent
1248 1678 1375 1746 vitiose.

248 1797 390 1876 Quorum
421 1817 530 1864 curam
556 1796 625 1864 eliis
650 1795 853 1864 commendo.
901 1795 1112 1884 Reliquorum
1136 1795 1307 1890 verborum
1337 1803 1374 1862 τὸ

247 1915 318 1997 ἑξῆς
354 1931 391 1978 ex
416 1911 641 1979 emendatione
666 1931 735 1978 mee
762 1911 824 1979 hoo
856 1923 920 1978 est:
955 1915 999 1982 ἵν’
1035 1915 1146 1999 ’Ἄρης
1171 1909 1254 1982 εἶδεν
1280 1913 1375 1989 ἕλκος

250 2034 284 2094 ἐκ
311 2030 472 2115 δάμαρτος
495 2033 642 2118 άραχθὲν
667 2032 838 2108 Φινεΐὸαις
864 2035 898 2098 ἓν
924 2030 1054 2106 κύκλοις
1071 2032 1220 2113 ὀμμάτων
1242 2028 1374 2092 diatim

253 2141 446 2230 (proleptice
468 2141 607 2224 dictum)
629 2146 814 2229 άλαστόρως
838 2147 1078 2230 τυφλωθέντων
1101 2145 1155 2224 ὑφ’
1179 2147 1376 2228 αἱματηραῖς

249 2263 383 2344 χείρεσσι
410 2266 475 2325 κτὲ.
527 2257 561 2324 ln
586 2257 636 2324 his
659 2263 776 2346 οὶραῖον
802 2278 861 2347 pro
884 2265 1006 2346 α’ρατὸν
1033 2253 1269 2324 Scitneidewini
1297 2273 1376 2321 con-

246 2369 369 2437 iectura
394 2383 460 2452 est,
485 2375 632 2460 άραχθέν
656 2381 688 2439 et
711 2376 951 2457 τυφλωθέντων
975 2372 1048 2455 (hoc
1065 2391 1124 2459 pro
1142 2371 1370 2458 ἀραχθέντων,

248 2483 334 2570 quod
358 2504 396 2550 ex
419 2490 567 2575 α’ραχοὲν
592 2491 712 2576 ἐγχέων
737 2487 884 2554 sollerter
908 2485 1063 2553 elicuerat
1081 2483 1277 2568 Lachmann)
1296 2501 1373 2570 pro-

248 2597 395 2665 babiliter
418 2599 587 2688 proposuit
612 2601 731 2668 Nauck.

292 2712 343 2780 VS.
371 2717 474 2781 1022:
541 2717 769 2802 ἀνδροφθόρου
792 2718 950 2804 βεβρῶτες
974 2720 1110 2798 αἳματος
1135 2714 1268 2791 λίπος.

248 2827 352 2896 Codex
377 2827 470 2894 Laur.
496 2827 592 2894 habet
616 2859 640 2896 π
663 2827 696 2894 in
721 2827 825 2894 litura.
877 2827 931 2893 Vix
955 2825 1069 2893 dubito
1101 2825 1177 2893 olim
1206 2823 1305 2892 fuisse
1329 2831 1372 2914 β,

206 3029 212 3042 1
248 2941 267 3010 i.
293 2965 320 3010 e.
346 2945 486 3032 λίβος,
512 2941 600 3031 quod
624 2941 817 3010 vocabulum
841 2952 928 3010 recte
945 2963 985 3008 nn
1010 2961 1105 3008 seous
1126 2961 1185 3028 pro
1202 2942 1296 3019 λῖπος
1313 2938 1371 3022 (ita

247 3059 331 3144 eod.)
361 3057 570 3124 Casuubonus
604 3077 744 3145 eumque
781 3068 913 3125 secutus
944 3055 1107 3124 Blomfield
1132 3053 1373 3124 substituebant

248 3172 361 3240 nosch.
387 3175 444 3258 Ag.
473 3177 569 3240 1428.
617 3173 660 3240 of.
685 3173 828 3264 Citoeph.
857 3179 932 3242 448.

290 3287 343 3356 Vs.
370 3291 606 3356 1080—1083:
656 3296 773 3376 ἐχθραὶ
798 3327 840 3338 -
865 3291 961 3358 πόλιν

247 3405 343 3473 modo
369 3403 433 3472 sint
464 3403 504 3471 ab
528 3402 600 3492 ipso
624 3403 781 3492 Sophocle
806 3403 959 3492 profecti,
992 3403 1032 3470 de
1064 3423 1127 3490 qua
1156 3421 1191 3468 ro
1215 3400 1373 3468 dubitavit

248 3521 396 3598 Dindon,
433 3529 519 3586 cente
551 3539 589 3586 eo
620 3539 685 3608 quo
717 3539 805 3586 nuno
832 3520 985 3607 leguntur
1012 3519 1083 3586 loeo
1107 3537 1241 3606 prorsus
1266 3516 1367 3605 inepti

246 3647 330 3703 sunt.
356 3633 465 3724 Longe
489 3655 566 3702 sone
591 3635 706 3703 melius
731 3637 916 3723 legerentur
939 3635 1023 3702 inter
1047 3657 1092 3702 us.
1120 3639 1205 3702 1022
1223 3645 1255 3701 ot
1273 3637 1369 3700 1023.

291 3751 342 3818 Vs.
370 3753 454 3818 1095
480 3771 569 3839 sqq.:
594 3754 721 3834 ἔγνωκα
746 3757 862 3829 καύτός
887 3760 941 3819 καὶ
966 3760 1163 3838 ταράσσομαι
1190 3753 1321 3838 φρένας.

593 3875 628 3933 τό
658 3869 686 3934 τ’
711 3873 858 3934 εἰκαθεῖν
884 3873 944 3952 γάρ
969 3870 1077 3933 δεινὸν
1102 3869 1303 3934 α’ντιστάντα
1327 3867 1368 3932 δι’

590 3991 653 4062 ἄτῃ
677 3989 823 4062 πατάξαι
849 3990 983 4067 θυμὸν
1010 3991 1051 4051 ἐν
1077 3986 1204 4069 δεινᾲι
1229 3993 1347 4066 πάρα.

247 4095 367 4164 Locum
390 4095 625 4163 eoneleinntuin
650 4097 696 4162 sio
721 4107 845 4163 tentare
870 4096 976 4175 iubet,
1002 4105 1038 4162 ut
1062 4097 1204 4182 legetur:

425 4221 459 4280 τό
485 4215 510 4281 τ’
535 4220 681 4282 εἰκαθεῖν
707 4221 766 4300 γάρ
791 4215 899 4282 δεινόν
925 4217 1126 4281 ἀντιστάντα
1150 4241 1191 4280 τε

423 4337 486 4416 άτῃ
511 4331 701 4407 πατάξαι
726 4335 880 4414 τούμὸν
906 4331 1110 4396 ἐνδοῦναι
1137 4339 1259 4414 κάρα,

246 4439 266 4506 i.
291 4461 318 4507 o.
345 4444 453 4511 δεινὸν
478 4449 537 4528 μὲν
562 4447 661 4514 εἴκειν
686 4443 801 4514 δεινὸνΙ
822 4447 856 4512 δι’
882 4447 1035 4513 ἐνδοῦναι
1059 4448 1176 4529 τούμὸν
1202 4455 1283 4530 κάρα
1304 4451 1367 4530 ἄτῃ
1477 4515 1478 4530 1

247 4561 402 4634 πατάξαι.
