2990 5012
779 414 823 480 50

813 607 863 679 ,ὡς
887 604 914 668 d'
938 607 1030 684 ἐσμὲν
1056 605 1233 686 Ἔρωτα,1

235 717 369 794 πολλοῖς
387 719 500 801 δῆλον·
519 725 742 802 πετόμεσθά
763 744 796 783 τε
815 723 875 800 γὰρ
892 724 947 783 καὶ
970 727 1074 784 τοῖσιν
1093 723 1185 802 ἐρῶσι
1204 725 1368 801 σύνεσμεν.

281 829 325 897 tte
349 830 508 898 industria
533 841 628 918 poeta
646 851 720 898 oum
744 831 803 898 elia
821 831 975 898 vocabula
1003 843 1071 898 tum
1088 830 1231 918 epitheta
1248 829 1368 916 eligere

236 944 366 1013 ridetur
399 945 578 1025 eiusmodi,
614 946 700 1013 unde
732 945 835 1013 maior
858 945 939 1013 fides
964 946 1104 1013 addatur
1127 943 1290 1011 stemmati
1312 965 1367 1032 ge-

234 1045 418 1148 nealogice,
445 1061 533 1148 quod
559 1059 782 1148 fragitanum
807 1060 940 1128 chorus.
969 1059 1049 1127 ilinc
1074 1071 1105 1126 et
1124 1059 1206 1127 tueri
1231 1059 1367 1126 sortasse

234 1175 308 1242 lieet
340 1176 502 1263 vulgatam
537 1175 734 1266 scripturam
768 1188 853 1246 Χάει
887 1185 1091 1262 πτερόεντι
1124 1197 1141 1242 a
1175 1175 1363 1242 criticorum

233 1290 428 1357 reoniecturis
446 1290 514 1357 sive
538 1297 721 1378 εὐρώεντι
748 1291 814 1358 sive
830 1301 1009 1378 ἠερόεντι
1035 1289 1301 1378 proponentium,
1332 1300 1361 1356 et

232 1404 380 1472 dubitare
405 1405 444 1472 de
470 1405 608 1473 sanitate
634 1406 806 1473 verborum
831 1407 938 1492 ’Ἔρως
961 1414 978 1474 0'
1002 1413 1201 1482 ποθεινός.
1248 1406 1295 1471 Ad
1313 1425 1365 1471 re-

160 1588 167 1604 ,
233 1531 376 1586 terorum
409 1529 496 1586 certe
521 1519 740 1608 epithetorum
766 1541 913 1588 normam
941 1531 1183 1609 expectaueram
1210 1522 1317 1606 Ἔρως
1345 1527 1363 1587 ό

231 1644 418 1721 ποτηνός,
452 1633 575 1701 collatis
601 1655 662 1701 rss.
696 1635 795 1723 epicis
820 1657 871 1724 ap.
898 1635 1080 1702 Pteronsu
1105 1635 1137 1701 in
1162 1635 1296 1702 Phaedr.
1331 1657 1361 1724 p.

233 1751 296 1816 252
324 1747 374 1814 B.:

321 1871 377 1933 τὸν
403 1865 432 1932 d’
451 1875 519 1950 ἤτοι
546 1873 666 1951 θνητοὶ
690 1872 748 1948 μὲν
775 1867 908 1950 ’Ἔρωτα
933 1867 1065 1935 καλοῦσι
1091 1874 1271 1952 ποτητὸν,

321 1981 490 2046 ἀθάνατοι
515 1978 549 2043 δὲ
575 1979 734 2062 Πτέρωτα
759 1979 814 2045 διὰ
838 1985 1051 2064 πτερόφοιτον
1076 1983 1236 2064 ανάγκην.

279 2089 310 2158 Si
335 2089 409 2176 quis
434 2101 541 2157 tamen
566 2089 649 2156 hane
673 2089 932 2158 emendationem
958 2090 1173 2158 necessariam
1199 2111 1264 2157 non
1289 2111 1363 2158 esse
1409 2093 1414 2102 '
1483 2079 1484 2114 ³

233 2204 366 2284 dixerit,
393 2225 458 2272 non
482 2205 647 2294 pugnabo.

278 2319 321 2386 th.
350 2323 453 2386 1018:

320 2437 498 2518 Ὕπάγοιμι
522 2431 593 2519 τᾶρ’
618 2443 674 2501 ἄν.
702 2431 811 2499 Peith.
839 2443 876 2519 νὴ
896 2429 954 2503 ‘At'
972 2441 1015 2510 ὡς
1039 2440 1098 2502 οὐκ
1123 2433 1184 2502 oid'
1206 2435 1265 2520 ἄρ’
1290 2441 1318 2501 εἶ

320 2554 446 2635 φθαίης
470 2557 536 2617 ἄν·
564 2554 748 2618 ἐπίκεινται
770 2557 831 2633 γὰρ
856 2555 950 2632 ἐγγύς
974 2555 1099 2618 αὑταιί.

276 2663 387 2751 Neque
410 2672 476 2749 ἄρα
499 2662 679 2732 offensione
704 2673 791 2730 earet
816 2682 923 2750 neque
948 2663 1103 2751 particule
1128 2673 1171 2734 ἄν
1201 2683 1261 2748 suo
1287 2663 1359 2729 ioco

230 2777 336 2866 posita
363 2789 421 2845 est.
470 2776 629 2846 Graecum
655 2778 716 2846 erit
740 2787 770 2845 et
797 2797 930 2846 sanum:

857 2901 900 2973 ὡς
924 2895 982 2961 οὐκ
1011 2891 1074 2960 οἷδ’
1096 2899 1148 2962 ἂν
1174 2901 1201 2961 εἷ

365 3013 488 3094 φθαίης
513 3009 598 3091 (ὶ’τ’)·
637 3015 821 3078 ἐπίκεινται
857 3015 917 3092 γὰρ
942 3013 1038 3090 ἐγγύς
1054 3013 1187 3084 αὑταιί.

275 3119 346 3198 Quo
370 3141 490 3208 genere
515 3121 635 3188 erroris
660 3120 819 3188 interierit
852 3119 1041 3188 adverbium
1070 3127 1118 3189 ἔτι
1144 3120 1222 3188 nihii
1246 3122 1362 3190 attinet

232 3235 427 3324 significare.
839 3249 847 3260 “

274 3353 406 3420 Nuurun
439 3372 501 3420 vss.
535 3355 731 3430 tuo-488,
765 3362 879 3440 utpote
911 3349 1044 3438 frigidos
1077 3361 1175 3438 atque
1200 3350 1360 3428 insulsos,

230 3467 438 3556 Aristophani
462 3466 727 3534 abiudicaverim.

274 3583 317 3650 ih.
344 3603 389 3650 vs,
416 3587 501 3649 1412
528 3603 595 3670 sq.:

363 3701 399 3766 οὐ
424 3703 503 3782 recipe*
528 3705 577 3766 cod
602 3700 732 3766 δίκαιόν
757 3704 846 3766 ἐστιν
869 3699 993 3766 εὐνοεῖν
1018 3702 1153 3782 cimice:

319 3816 494 3897 [τύπτειν
520 3815 692 3897 ἐπειδήπερ
711 3841 745 3893 γε
763 3811 848 3880 τοῦτ’
866 3810 931 3880 ἔστ’
950 3809 1084 3880 εὐνοεῖν
1101 3819 1137 3879 τὸ
1162 3813 1328 3895 ederem]

273 3925 323 3994 Sic
349 3948 394 3994 vs.
422 3929 509 3994 1413
541 3925 695 3994 scribitur
727 3925 757 3992 in
783 3925 906 4014 optimo
938 3925 1020 3993 libro
1050 3925 1224 3993 Ravennati
1255 3945 1358 4014 eaque

227 4043 341 4131 procui
365 4041 465 4109 dubio
490 4052 539 4109 est
562 4039 788 4129 antiquissima
815 4040 885 4110 eius
921 4042 1032 4108 i'orma.
1083 4040 1269 4130 dsyndeton
1294 4059 1356 4107 nou

228 4159 367 4224 serentes
401 4167 602 4224 correctores
635 4155 666 4222 in
700 4155 832 4243 reliquis
868 4156 963 4223 codd.
997 4165 1071 4243 post
1101 4163 1242 4224 ‘uterne
1274 4155 1356 4222 inse

228 4283 364 4340 ruerunt
389 4271 519 4338 voculas
544 4273 579 4338 δέ
604 4270 654 4336 vel
679 4299 723 4337 τε.
750 4269 874 4338 Novam
891 4270 1033 4358 denique
1050 4269 1113 4336 vim
1131 4268 1159 4336 ei
1176 4269 1356 4338 intulerunt

228 4386 376 4453 homines
402 4385 489 4454 docti
512 4385 712 4454 recentiores
736 4385 950 4454 rescribendo
974 4387 1140 4454 τύπτοντ’.
1177 4384 1353 4452 Permirum

228 4509 337 4568 aretem
368 4512 419 4568 est
452 4500 633 4582 neminem,
667 4500 757 4590 quod
792 4511 879 4569 certe
916 4500 1035 4582 sciant,
1076 4501 1217 4570 sensisse
1251 4511 1352 4568 totum
