2946 5014
506 457 743 508 PRAHA'MO.
1151 453 1188 503 xl

55 613 122 709 (pro
138 609 334 712 ἁρπάσαι)
346 607 623 706 πάρεςινᾰχαθοῦ
642 611 802 698 δαίμονος.
815 613 946 682 thur.
960 611 1049 702 Cyel.
1067 638 1109 681 vs.
1123 613 1187 681 416

56 745 84 802 et
97 760 140 802 vs.
163 737 237 804 568.
260 735 383 801 collato
399 757 440 800 vs.
455 735 537 810 515,
561 731 695 796 eoniieio
719 753 762 798 vs.
795 733 859 796 471
886 732 1082 798 scribendum
1107 753 1187 797 esse:

55 845 294 917 zdnevrelvm
314 847 366 914 καὶ
388 838 585 928 σπουδάζω,
619 867 692 910 nam
720 847 812 912 verbo
843 846 1112 932 ἐπεμπίπτσιν
1143 847 1187 914 ibi

55 967 143 1032 loeus
167 989 228 1031 non
252 975 306 1030 est.
331 964 423 1029 Hand
450 962 546 1048 magis
569 962 732 1050 intelligo,
755 966 830 1049 quid
855 965 897 1030 sit
920 985 963 1028 vs.
980 965 1062 1028 511:
1086 961 1120 1030 οἵ
1136 986 1189 1028 ιοι

55 1080 194 1170 γεωργοὶ
213 1071 352 1168 σοι’ίρχον
371 1077 577 1158 ἐξέλκουσι
606 1068 723 1152 κᾶλλος
753 1072 855 1145 οὐδέν.
890 1077 954 1142 Vir
989 1078 1114 1158 dubito,
1150 1099 1188 1141 un

56 1217 160 1260 verum
182 1195 226 1260 sit
247 1194 457 1261 ἐκτελοῦσι.
480 1190 657 1256 Absurdum
681 1198 729 1256 est
749 1187 855 1262 citime
877 1215 919 1262 vs.
944 1195 1022 1261 760:

364 1365 434 1440 ἀλλ’
452 1366 535 1464 ὑπὲρ
558 1369 646 1460 ὑμῶν
666 1377 853 1460 πολεμίζων

159 1483 303 1574 οἷνιεῖχον
324 1479 375 1554 dei
395 1487 449 1553 καὶ
469 1491 531 1554 τῶν
551 1479 677 1555 ἄλλων
698 1486 814 1580 νήσων·
835 1483 885 1558 (ὅν
905 1486 1018 1560 οὕνεκα
1037 1491 1103 1560 νυνὶ

158 1598 339 1671 ἀποδοῦναι
358 1625 414 1684 μοι
433 1594 490 1689 τήν
510 1590 603 1690 χάριν
626 1596 710 1685 ὑμᾶς
732 1597 819 1680 εἰκός
840 1601 904 1672 aad.

56 1783 189 1848 Abieeto
213 1779 423 1845 additamento
454 1799 580 1863 repone:
603 1774 751 1845 τούτων
774 1765 839 1844 οὖν
861 1773 974 1846 οὕνεκα
993 1781 1056 1849 ure.
1080 1781 1191 1868 Perpe-

52 1923 122 1964 τινα
157 1896 334 1963 Meinekius
364 1894 435 1958 vitii
469 1899 646 1980 suspectum
682 1893 774 1958 hebet
805 1916 847 1958 vs.
873 1897 945 1960 824.
970 1898 1077 1963 Iocum
1110 1899 1190 1964 enim

53 2016 196 2081 continet
218 2012 367 2076 hodierno
390 2031 511 2094 quoque
533 2032 589 2074 usu
615 2010 690 2074 satis
713 2011 909 2094 frequentem.
934 2011 1091 2078 Nimirum
1112 2017 1192 2102 Try·

52 2155 151 2220 geeus
173 2130 212 2194 sb
235 2127 368 2212 Olympo
391 2125 489 2188 redux
513 2127 592 2190 servi
614 2128 792 2211 quaerentis
815 2149 853 2190 ex
879 2128 966 2213 ipso,
987 2153 1029 2194 σιν
1052 2133 1191 2211 redierit,

50 2240 273 2331 ἀναισθησίαν
303 2240 384 2304 οιι1εε
407 2241 589 2328 perstringit
613 2242 841 2328 respondendo:
872 2251 908 2309 ut
937 2247 1058 2331 quidem
1089 2273 1141 2336 epo
1176 2275 1193 2316 ι

52 2361 200 2447 quopiam
220 2359 337 2422 audivi.

99 2480 219 2542 Avruu
243 2497 286 2539 vs.
308 2473 373 2538 ι178
397 2471 593 2538 hauddubie
621 2475 900 2560 transponendum:
934 2465 980 2552 uis
1002 2469 1191 2565 πρεσβυτά-

51 2615 118 2653 rme
146 2579 272 2656 ὄντων
303 2578 434 2652 adrui
464 2577 579 2673 ὀρθοῖς
601 2578 677 2651 ἔσθ’
706 2578 726 2675 ἦ
755 2589 919 2668 βασιλεία.
941 2589 1022 2656 Ibid.
1051 2615 1095 2657 vs.
1124 2599 1187 2660 586

53 2704 192 2770 conieci:
215 2694 252 2787 ἢν
272 2690 302 2764 δ’
321 2691 457 2785 ἡχῶνιοιι
479 2695 517 2762 σὲ
539 2693 622 2764 θεον
644 2691 801 2784 σεμνόν,
831 2694 918 2792 Ζῆν’
947 2697 968 2793 ἢ
1000 2697 1152 2794 Κρόνον
1172 2735 1193 2797 η

52 2841 93 2884 σε
116 2813 293 2892 Ποσειδῶ,
323 2813 356 2876 in
371 2811 483 2896 quibus
496 2801 610 2896 σεμνόν
631 2813 757 2880 debetur
780 2817 917 2898 Cobeto,
941 2819 994 2904 qui
1019 2812 1135 2903 σεμνόν
1154 2841 1192 2886 σε

51 2921 138 2996 θεόν
158 2933 365 3017 proposuerat.
377 2929 475 2993 Recte
487 2933 585 2992 tamen
610 2929 786 2996 Meinekius
807 2932 926 3019 relique
943 2957 1081 3020 quoque:
1102 2931 1140 2999 σὲ
1156 2932 1194 3001 δὲ

51 3047 112 3132 γῆν
133 3043 171 3108 σὲ
194 3034 317 3130 Κρόνον
338 3039 376 3106 σὲ
395 3041 551 3108 Ποσειδῶ
571 3045 714 3111 mendosa
740 3071 805 3114 esse
822 3061 933 3117 monet.
956 3051 1110 3116 Plurelem
1135 3073 1192 3115 nu-

52 3182 174 3226 merum
201 3179 309 3222 sensus
328 3156 465 3242 postulat
488 3179 528 3223 vs.
552 3163 634 3225 613:
658 3162 713 3228 καὶ
733 3155 890 3246 τοῦνομ’
907 3155 982 3254 ἡμῖν
1003 3155 1191 3255 piperatos,-

53 3277 204 3362 quocircu
227 3272 422 3358 scripserim:
445 3270 496 3336 καὶ
523 3265 723 3358 τῶνόμα9’
744 3266 817 3364 ἡμῖν
837 3275 900 3344 κιὲ.
936 3280 1088 3346 Similiter
1121 3305 1193 3348 mox

54 3417 102 3458 vs.
122 3391 186 3456 647
203 3411 258 3475 pro
271 3386 326 3451 ἴθι
345 3387 469 3471 requiro
489 3385 548 3451 dre.
571 3387 627 3453 Vs.
653 3392 716 3454 698
742 3398 849 3477 poetae
871 3394 1074 3461 reddiderim:
1098 3387 1195 3473 οὗτος

55 3495 129 3590 χάει
140 3494 288 3592 ἠερόεντι
303 3499 409 3586 μιγεὶς
428 3491 538 3583 νιῖχιο
546 3523 564 3576 ς
583 3497 663 3567 κοιιιὲ
683 3496 847 3593 τάρταρον
869 3499 964 3598 εὐρύν
984 3534 1039 3598 pro
1062 3511 1193 3595 νυχίῳ.

56 3621 112 3684 Vs.
139 3620 206 3684 850
229 3639 332 3682 verum
355 3614 491 3678 videtur:
515 3619 576 3680 παῖ
598 3619 659 3680 παῖ
679 3609 718 3683 τό
738 3641 783 3683 τε
802 3625 915 3688 κανοῦν
941 3615 1031 3714 αἶρε
1058 3627 1110 3691 καὶ
1138 3617 1195 3714 τήν

57 3737 206 3826 χέρνιβα,
227 3737 259 3797 et
281 3754 324 3795 vs.
345 3731 429 3796 893:
454 3719 678 3816 dinedd'daep'
698 3721 862 3816 ἡμῶνκαὶ
891 3729 932 3801 σύ
963 3737 1017 3802 καὶ
1047 3733 1088 3804 τοὶ
1116 3739 1195 3822 ςὲμ-

57 3875 147 3931 Ιιιαια
172 3851 239 3926 irs,
263 3871 325 3933 que
348 3848 421 3911 haec
445 3846 609 3923 dicuntur,
633 3845 758 3908 suadet:
778 3835 923 3935 ἄπερρ’
943 3841 1003 3938 uirp'
1021 3840 1111 3939 ἡμῶν
1130 3849 1193 3918 nt.

59 3965 228 4032 CtNubb.
246 3966 311 4030 773
331 3969 362 4028 et
385 3961 471 4027 Εσο1.
499 3963 570 4025 169.
595 3959 651 4024 Vs.
672 3961 753 4025 956:
782 3960 874 4026 σοοιὶ
903 3955 950 4044 μοὶ
981 3959 1039 4028 Δί’
1064 3956 1126 4048 e'yrd
1156 3957 1194 4033 rd

59 4073 155 4146 κακον
177 4068 330 4146 οὐδέποτ’
349 4068 492 4165 ἤλπισα,
524 4068 608 4141 οὕτω
630 4072 756 4158 σαχὲιος
784 4075 924 4140 τοῦτον
946 4065 1121 4142 πεπύσθαι
1139 4070 1196 4166 τήν

62 4195 166 4261 πολιν.
196 4191 281 4258 Male
303 4190 518 4277 interpretatio
549 4188 650 4254 locum
675 4187 847 4274 perdidisse
868 4189 1001 4254 videtur.
1025 4188 1125 4254 Τουτὶ
1156 4183 1195 4256 nd

61 4299 153 4376 κακόν
175 4309 240 4396 ipse
256 4315 384 4374 vocatur
407 4312 514 4394 poete,
529 4306 568 4370 ef.
585 4327 627 4371 vs.
651 4305 714 4371 931
730 4310 761 4370 et
774 4305 857 4372 992:
881 4327 992 4392 quare,
1008 4305 1108 4371 delete
1132 4305 1194 4371 vir-
