2990 5012
681 441 721 503 29

184 628 271 708 Quae
284 627 380 696 verba
393 627 574 714 intellegam
585 625 743 714 rescripto
753 626 850 706 οἶδεν,
866 627 953 714 quud
967 637 1015 694 est
1025 627 1059 694 in
1069 649 1133 697 uno
1143 629 1265 698 codice.

186 744 336 812 Similiter
353 764 415 811 una
431 741 522 809 litera
540 753 659 808 mutata
678 743 812 808 salutem
830 743 945 810 reddet
960 743 1108 830 egregiae
1125 745 1266 833 particu-

140 861 188 926 lae
204 858 399 926 lamlurma
421 858 667 924 Anrsrornlms
680 877 730 945 ap.
748 855 834 923 Stnb.
853 855 904 922 LX
926 862 970 936 7.,
984 879 1048 945 qua
1060 858 1265 946 celebrantur

137 974 232 1061 paucis
255 974 434 1041 commoda.
460 973 494 1039 ln
516 993 555 1040 en
576 975 755 1059 llagmente
771 971 913 1039 adhunc
932 993 1039 1061 usque
1056 973 1140 1040 diem
1158 972 1265 1040 editur

186 1109 230 1156 vs.
256 1091 293 1156 5:
334 1091 434 1158 ἔπειτ’
457 1094 588 1158 ἀκούειν
614 1094 800 1177 προβατίων
825 1091 1043 1176 βληχωμενων

342 1211 455 1287 τρυγός
474 1231 506 1270 τε
523 1211 632 1286 φωνὴν
654 1209 697 1280 εἷς
715 1202 855 1288 λεκάνην
880 1203 1111 1293 ποθουμένης
1135 1212 1199 1270 κτὲ.

187 1317 289 1385 lmmn
309 1337 384 1384 vero
405 1320 657 1405 ἠοοομένης.
683 1315 817 1382 Phatius
841 1315 874 1382 in
896 1316 1014 1384 lexieuz
1036 1322 1263 1405 gengivae·

137 1435 352 1517 διολιομίνος·
379 1443 480 1509 ουτως
498 1433 682 1510 Ἐπίλυκος.
707 1430 830 1498 Dixisse
846 1441 954 1498 autem
972 1431 1140 1522 Epilycum
1157 1443 1194 1502 X
1200 1445 1265 1511 ῐος

138 1554 202 1613 καὶ
229 1553 380 1624 Θάσιος
409 1551 623 1635 ἠθημένος
648 1557 762 1613 auctor
783 1557 833 1613 est
860 1547 1044 1615 Athenaeus
1070 1569 1100 1637 p.
1126 1552 1167 1616 28
1191 1549 1228 1616 E.

184 1722 301 1790 llaiure
325 1723 490 1792 molimine
513 1743 596 1812 opus
621 1735 669 1790 est
694 1724 733 1790 ad
751 1723 990 1790 emendandum
1013 1724 1157 1792 eiusdem
1175 1727 1265 1793 labu-

139 1839 187 1905 lae
211 1839 324 1926 fragm.
351 1838 391 1904 lX
415 1859 465 1927 ap.
491 1839 604 1905 Athen.
631 1837 656 1903 ll
680 1859 711 1926 p.
737 1841 819 1905 656:

274 1955 423 2032 Θλαοτοὶς
444 1961 504 2040 γὰρ
530 1953 613 2022 εἶναι
637 1961 781 2040 κρεῖττόν
807 1961 924 2022 ἐστιν
949 1956 1088 2039 άλμὰδ
1098 1983 1149 2032 ος.

183 2065 285 2146 Quam
303 2068 475 2136 leeliunem
494 2067 654 2135 sermonis
674 2067 737 2155 legi
752 2088 935 2155 repugnare
952 2080 1039 2136 recte
1062 2070 1262 2137 contendens

140 2185 296 2272 Bergkius
315 2183 383 2271 ipse
403 2183 544 2251 sermoni
560 2183 622 2250 vim
642 2183 751 2250 intulit
764 2183 929 2270 corrigens
946 2187 1010 2253 ἔστ’
1024 2195 1044 2271 ἦ
1057 2189 1088 2268 γ’
1104 2189 1263 2270 ἁλμάδας,

139 2297 301 2388 siquidem
326 2297 481 2388 particula
506 2328 540 2380 γε
565 2297 627 2365 isto
651 2297 723 2364 Ιοοο
748 2296 851 2385 posita
877 2299 965 2365 amni
989 2297 1019 2365 vi
1044 2321 1153 2367 carere
1179 2301 1264 2368 vide-

139 2426 203 2481 tur.
251 2413 366 2480 Duceni
385 2412 495 2491 velim,
518 2433 581 2500 qua
604 2411 662 2480 alia
688 2412 812 2480 ratione
834 2413 930 2480 simul
954 2427 1057 2481 metro
1083 2426 1114 2482 et
1136 2416 1263 2504 linguae

139 2537 172 2596 et
196 2527 374 2596 sententiae
399 2540 497 2616 queat
521 2527 670 2596 satisfieri
695 2549 791 2616 quam
816 2528 1006 2596 scribendo:

272 2649 419 2724 θλαστὰς
439 2653 499 2732 γὰρ
524 2646 607 2714 εἶναι
631 2657 776 2732 κρεῖττον
798 2657 817 2730 ἤ
825 2675 897 2730 περ
921 2649 1125 2732 ἁλμάδας.

181 2811 241 2876 Ars
265 2809 529 2898 palaeographicae
553 2829 648 2898 apem
673 2811 753 2877 leret
773 2809 885 2898 paneis
907 2809 1031 2888 verbm,
1055 2830 1139 2898 quae
1163 2809 1260 2876 Hero-

135 2923 254 2992 dianus
298 2923 436 2992 servarit
468 2946 505 2992 ex
542 2924 689 2993 eiusdem
719 2936 834 3015 poetae
867 2925 1051 3013 Tupeatiatis
1078 2927 1121 3009 (lr
1162 2930 1202 2990 22
1228 2947 1260 3014 p.

135 3037 218 3106 Mein
262 3060 292 3128 p.
329 3043 449 3126 1155>ῐ
484 3052 667 3123 γενναῖα
696 3048 898 3129 [laudatae
927 3027 961 3108 ἐν
989 3043 1262 3128 Ἀνχομενοῡ.

135 3153 181 3220 nx
209 3162 432 3223 aornrrou
453 3175 534 3222 eruo
564 3147 788 3230 aurariae
820 3155 840 3222 i.
870 3176 897 3222 ο,
924 3165 1050 3224 ποορ
1082 3165 1169 3236 aiae,
1195 3177 1262 3244 quo

135 3269 219 3338 laetu
243 3281 359 3358 sponte
384 3281 563 3339 naseuntur
587 3271 619 3337 hi
644 3271 825 3360 anapaesti:

451 3381 503 3473 (ὦ)
529 3395 665 3470 γενναία
692 3395 830 3466 Beuum,
859 3393 933 3464 θεὸς

449 3510 514 3572 τῶν
540 3503 756 3591 Ἀγχομενοῦ.

135 3615 156 3713 i.
189 3637 215 3682 e.
248 3639 266 3682 ο
296 3617 415 3683 nobilia
443 3618 565 3684 mulier
589 3617 739 3695 Boeotia,
765 3637 866 3706 patum
887 3636 950 3702 pra
979 3615 1040 3681 deu
1067 3616 1176 3681 collant
1195 3615 1261 3702 filii

135 3729 352 3811 Anehumeni,
378 3731 498 3821 quibus
522 3731 628 3799 verbis
657 3730 774 3819 aliquis
800 3730 974 3818 anguillam
996 3749 1013 3795 e
1034 3729 1103 3796 lacu
1122 3729 1260 3819 Copaide

134 3846 294 3914 allocutus
318 3846 493 3914 salsissime
517 3846 599 3914 ridet
624 3846 734 3914 nescio
760 3845 853 3913 euius
876 3843 1077 3911 Anehumeni
1095 3843 1176 3910 silias
1195 3855 1259 3910 tan·

136 3983 234 4049 quam
265 3967 454 4049 ὀψοφάγους
487 3963 643 4049 quosdam
671 3973 702 4028 et
736 3963 946 4051 ῖχθοολομος.
984 3957 1106 4045 Dignus
1131 3970 1180 4026 est
1205 3957 1260 4046 qui

134 4077 320 4143 conteratur
344 4077 432 4144 loeus
461 4075 553 4144 Arist.
582 4077 658 4144 rleli.
687 4081 750 4143 878
775 4097 837 4165 sq.:

180 4189 287 4256 Boeot.
315 4197 368 4256 καὶ
393 4199 458 4274 μὰν
483 4198 568 4278 φέρω
584 4231 626 4240 --
646 4194 787 4280 ἐγχέλεις
812 4195 1001 4270 Κωπαΐδας.

181 4303 246 4371 Dic.
314 4301 339 4373 ὦ
370 4315 587 4393 τερπνότατον
612 4313 648 4374 οὐ
671 4310 807 4394 τέμαχος
829 4311 1020 4392 ἀνθρώποις
1044 4309 1146 4392 φέρων

317 4423 370 4497 δὸς
393 4449 446 4505 μοι
472 4433 658 4508 προσειπεῖν
684 4429 717 4488 εἰ
744 4424 871 4510 φέρεις
895 4428 952 4498 τὰς
974 4423 1126 4510 ἐγχέλεις·

315 4535 487 4622 πρέσβειρα
513 4545 716 4619 πεντήκοντα
742 4538 913 4627 Κωπρδων
942 4547 1045 4622 κορῶν
1074 4543 1138 4604 aad.
