2932 5004
643 335 705 396 113

122 518 169 584 Fr.
192 516 254 584 Xll
279 517 325 606 (ll
349 513 368 602 S
393 512 465 606 40).
489 517 589 584 Recte
619 516 691 584 eod.
721 516 863 608 supplet:
889 513 935 584 dri
961 517 1054 606 (καί)
1078 516 1165 600 παρὰ
1188 525 1252 590 τοῖς

85 638 200 710 οἰιιίταις
222 639 443 711 αὐτοδίδακτος
465 639 547 706 ἐστιν
572 642 589 714 ἡ
613 639 708 722 φύσις
728 639 792 705 ιιτὲ.

120 761 168 826 Fr.
212 759 292 826 XV:
339 760 519 844 ληστριιοίς
552 783 658 826 merus
688 773 734 828 est
765 759 820 826 sed
852 759 1122 850 frequentissimus
1155 758 1255 825 libra·
1444 749 1445 830 l

83 881 188 946 riorum
224 903 311 946 error
344 903 402 970 pro
437 879 598 966 λησσιιιός,
632 903 727 970 quam
761 880 895 946 formam
929 879 1028 946 solam
1061 892 1148 948 certa
1182 901 1255 946 ana-

82 1001 152 1090 logia
175 1014 294 1068 tuetur.

118 1123 168 1188 Fr.
202 1121 292 1188 XVI.
342 1122 529 1211 Legendum
556 1145 630 1188 cum
653 1121 747 1188 cod.:
780 1120 899 1210 (τοὺς)
923 1118 1109 1194 οἰποστιίτας
1132 1119 1256 1193 δούλους

83 1244 155 1308 etin
173 1243 214 1308 lr.
238 1241 348 1308 XVIII
368 1243 500 1332 recipias
520 1265 556 1309 ex
568 1242 699 1309 eodem:
727 1241 777 1308 διοί
800 1241 895 1330 (την)
914 1240 1111 1323 πολυχρόνιον
1128 1241 1257 1322 εἰρήνην.

82 1363 193 1430 Ibidem
229 1362 269 1430 de
302 1365 484 1430 coniectura
507 1387 641 1454 repono:
665 1363 724 1438 τοίς
750 1363 852 1452 (aial)
876 1369 935 1430 τῶν
958 1363 1037 1430 ἰδίων
1059 1363 1162 1444 κυρίων
1181 1363 1258 1428 αἰπο-

82 1483 204 1558 οτασίας
235 1481 438 1566 ἕξείεοίτριζον
469 1497 501 1550 et
530 1485 565 1550 iu
596 1484 636 1550 fr.
667 1483 742 1550 xlx
768 1483 800 1572 (ς
829 1483 908 1572 47):
934 1483 1032 1562 δλίγοι
1055 1483 1119 1565 γίορ
1144 1482 1196 1571 (οἰ)
1221 1483 1258 1550 δι’

82 1607 181 1685 ιίρετίην
203 1603 285 1670 ἰδίαν
308 1603 610 1686 δικαιοπραγοῦντες.

118 1725 169 1792 Fr.
205 1723 266 1790 XX
301 1723 405 1791 med:
441 1725 648 1806 προνοηθέντες
679 1725 837 1808 ἐμφρόνως
868 1727 960 1806 περὶ
992 1730 1045 1792 τοῦ
1077 1724 1257 1804 μέλλοντος.

82 1844 276 1934 lndquiores
312 1845 449 1934 iungunt
485 1846 668 1926 προνοεῖσθαι
700 1867 774 1910 oum
805 1845 870 1910 solo
903 1845 1061 1924 Genitir03
1095 1843 1180 1934 apud
1210 1867 1261 1908 se-

82 1967 170 2032 riores
198 1987 265 2031 non
298 1987 368 2030 raro
400 1964 525 2032 additur
555 1965 744 2056 praepositio
775 1965 867 2046 ὑπέρ,
899 1987 980 2055 quae
1007 1963 1062 2030 hic
1085 1963 1260 2032 revocanda

81 2111 137 2154 esse
159 2086 295 2152 videtur.

119 2209 171 2274 Fr.
195 2207 274 2274 XXI
297 2207 374 2295 (111)
399 2229 444 2273 rs.
472 2211 514 2274 36
538 2207 644 2274 minus
665 2219 751 2275 recte
773 2203 889 2298 legitur
910 2214 968 2275 τῶν
991 2205 1137 2290 πατρῴων
1159 2207 1261 2288 Φίλων
1286 2267 1290 2274 ,

83 2351 131 2417 pro
160 2353 191 2394 r.
224 2335 378 2410 πατρικῶν
403 2333 444 2410 Φ.
491 2327 615 2394 Ibidem
638 2352 671 2417 p.
699 2329 763 2394 144
786 2351 831 2394 ns.
858 2333 878 2393 3
902 2328 1031 2394 molima
1057 2326 1264 2404 ἐπιλέξας-

84 2450 145 2524 τοὺς
175 2447 389 2530 ἀγριωτάτους
420 2449 464 2522 εἰς
494 2447 602 2531 Φάνου,
633 2447 951 2523 οἰπληστοτοίτους
974 2449 1003 2514 δ’
1025 2451 1068 2522 εἰς
1089 2448 1262 2530 χρημάτων

84 2572 247 2650 περιουσίαν
279 2570 361 2647 cri..
384 2569 441 2634 ubi
467 2567 571 2634 editur
593 2569 810 2645 οἰπλιίστους.
858 2569 930 2634 llon
953 2568 1110 2637 emblema
1132 2569 1263 2634 tollatur

81 2691 236 2758 ererbis:
260 2697 319 2758 τῶν
342 2689 374 2754 δὲ
398 2689 498 2772 Φίλονν
521 2689 591 2762 τοὺς
615 2687 876 2768 ὑποπτευομένους
899 2688 1140 2767 μετεπέμπετο,
1163 2713 1262 2770 παρα-

81 2811 243 2892 γενομένων
277 2810 308 2876 δὲ
347 2809 417 2898 [τῶν
440 2808 557 2894 φίλων]
580 2806 705 2880 πάντας
728 2808 902 2874 οἰπέιιτεινε.
949 2784 1092 2899 Scriptor
1114 2809 1263 2898 antiquus

83 2934 199 3000 Atticus
224 2930 379 2998 dedisset:
407 2929 673 3012 παραγενομένους
693 2929 724 2994 δὲ
744 2931 810 2996 ιιτὲ.
849 2929 903 2996 Vs.
928 2932 965 2994 11
989 2943 1153 3020 repetatur
1171 2953 1265 3021 prae-

80 3055 187 3142 positio
211 3053 271 3119 ιίπί
297 3053 330 3117 in
353 3051 476 3118 verbis:
503 3051 643 3132 μισηθείς
664 3052 697 3116 οιί
716 3050 805 3129 μόνον
825 3051 883 3116 ὑπὸ
903 3057 961 3117 τῶν
980 3051 1157 3134 οἰρχομένιιν
1176 3052 1264 3118 οἰλλοί

80 3176 127 3240 aa>
149 3181 211 3242 τῶν
236 3175 463 3256 πλησιοχώρων.

119 3297 173 3362 Fr.
211 3295 322 3361 XXIII
359 3294 417 3381 (IV
454 3297 472 3379 §
509 3293 542 3382 2)
578 3317 623 3360 vs.
661 3297 717 3360 29.
767 3294 869 3383 Lege:
906 3290 981 3360 ὅταν
1003 3331 1048 3344 -
1070 3294 1264 3378 διαζευγνύη

80 3439 132 3503 pro
161 3414 391 3496 διαζεύγνυσι.
439 3413 521 3482 Ibid.
547 3413 657 3480 dubito
681 3412 720 3480 de
743 3415 921 3480 sinceritate
944 3415 1117 3505 scripturae
1138 3415 1172 3480 in
1194 3439 1264 3482 ver·

79 3534 142 3600 nis:
179 3533 251 3600 ὥστ’
284 3535 327 3608 εἰς
359 3533 441 3600 ἔλεον
472 3533 523 3600 καί
548 3533 744 3613 συμπάθειαν
767 3536 1066 3616 ἐπανατραπῆνιιι.
1113 3535 1186 3602 Non
1210 3559 1264 3602 ex·

79 3669 152 3744 puto
188 3655 266 3745 quid
297 3655 413 3720 melius
444 3667 615 3745 reponatur
645 3677 757 3744 quam:
783 3652 860 3721 diors
888 3657 981 3736 πρὸς
1005 3654 1087 3720 ἔλεον
1110 3654 1162 3722 καί
1186 3681 1264 3735 συμ-

78 3775 209 3842 tolletur
234 3782 446 3855 τραπῆναι.
494 3775 617 3864 Duplex
636 3777 824 3866 praepositio
840 3799 897 3866 per
915 3775 1158 3865 dittographiam
1177 3781 1265 3846 nasci

77 3899 179 3984 potuit
201 3921 219 3961 e
243 3895 466 3962 terminatione
489 3896 634 3962 vocabuli
657 3897 883 3987 praecedentis.

120 4019 174 4083 Fr.
216 4015 323 4082 xxiv
359 4015 417 4101 (lv
452 4019 470 4101 §
506 4015 552 4102 3).
603 4015 742 4108 Supplc:
776 4013 822 4085 ὅτι
853 4018 993 4099 Τιβέριος
1025 4020 1038 4084 ἰ
1064 4019 1206 4104 Γράκχος
1230 4019 1264 4095 ἦν

77 4140 135 4212 viia
160 4136 308 4215 Τιβερίου
333 4135 413 4224 (τοῦ)
438 4136 482 4210 tta
507 4137 713 4212 ὑπαπευιιδτος
737 4141 803 4208 κτέ.

21 4295 22 4338 ρ
120 4257 175 4323 Fr.
203 4254 312 4322 xxvl
338 4255 406 4340 (V).
458 4255 637 4324 Articulum
660 4259 777 4326 inseras
800 4281 872 4326 cum
893 4258 962 4326 cod.
987 4260 1057 4326 I'at.
1077 4259 1259 4326 scribendo:

77 4379 155 4458 ἔχων
190 4377 304 4451 πλῆθος
328 4378 360 4440 οιί
385 4375 584 4456 νεοσύλλογοι
608 4378 660 4444 καί
686 4381 865 4462 Φυλῶδες
893 4380 950 4465 (an
974 4378 1150 4466 ὄχλῶδεςί)
1172 4380 1262 4446 οἰλλοί

77 4497 137 4584 (τὸ)
163 4497 420 4579 πρακτικωτοιτον
438 4503 492 4564 τοῦ
518 4497 612 4579 δήμου
635 4502 700 4566 κτὲ.
749 4501 820 4568 Μοιι
843 4501 960 4568 ibidem
983 4500 1107 4566 malim:
1130 4500 1182 4564 καί
1206 4507 1263 4574 τῆς

76 4621 165 4696 irata
186 4618 269 4701 δεῦρο
283 4620 408 4684 αιίιιείσε
426 4618 522 4688 ποίλιν
543 4623 759 4696 κλινούσης
779 4647 835 4711 pro
856 4620 1076 4694 ἐκκλινοιίσης.
1101 4621 1137 4686 ln
1150 4621 1260 4686 eadem

999 4743 1033 4792 15
