<?xml version="1.0" encoding="UTF-8"?>
<!DOCTYPE html PUBLIC "-//W3C//DTD XHTML 1.0 Transitional//EN"
    "http://www.w3.org/TR/xhtml1/DTD/xhtml1-transitional.dtd">
<html xmlns="http://www.w3.org/1999/xhtml" xml:lang="en" lang="en">
 <head>
  <title>
</title>
<meta http-equiv="Content-Type" content="text/html;charset=utf-8" />
  <meta name='ocr-system' content='tesseract 3.04.00' />
  <meta name='ocr-capabilities' content='ocr_page ocr_carea ocr_par ocr_line ocrx_word'/>
</head>
<body>
  <div class='ocr_page' id='page_1' title='image "./exercitationesc02herwgoog/exercitationesc02herwgoog_0493.png"; bbox 0 0 2974 5016; ppageno 0'>
   <div class='ocr_carea' id='block_1_1' title="bbox 783 495 825 558">
    <p class='ocr_par' dir='ltr' id='par_1_1' title="bbox 783 495 825 558">
     <span class='ocr_line' id='line_1_1' title="bbox 783 495 825 558; baseline 0 0"><span class='ocrx_word' id='word_1_1' title='bbox 783 495 825 558; x_wconf 89' lang='lat'><em>14</em></span> 
     </span>
    </p>
   </div>
   <div class='ocr_carea' id='block_1_2' title="bbox 239 679 1362 1670">
    <p class='ocr_par' dir='ltr' id='par_1_2' title="bbox 239 679 1362 1670">
     <span class='ocr_line' id='line_1_2' title="bbox 240 679 1360 766; baseline -0.001 -19"><span class='ocrx_word' id='word_1_2' title='bbox 240 687 290 747; x_wconf 81' lang='lat' dir='ltr'><strong>est</strong></span> <span class='ocrx_word' id='word_1_3' title='bbox 317 679 556 766; x_wconf 79' lang='lat' dir='ltr'><strong>praepositioni,</strong></span> <span class='ocrx_word' id='word_1_4' title='bbox 581 679 638 744; x_wconf 87' lang='lat' dir='ltr'><em>sod</em></span> <span class='ocrx_word' id='word_1_5' title='bbox 664 679 832 762; x_wconf 80' lang='lat' dir='ltr'><strong>requiritur</strong></span> <span class='ocrx_word' id='word_1_6' title='bbox 854 680 1037 764; x_wconf 55' lang='lat' dir='ltr'><strong>Genitore,</strong></span> <span class='ocrx_word' id='word_1_7' title='bbox 1063 682 1137 765; x_wconf 84' lang='lat' dir='ltr'><strong>quie</strong></span> <span class='ocrx_word' id='word_1_8' title='bbox 1159 702 1272 748; x_wconf 89' lang='lat' dir='ltr'><strong>sensns</strong></span> <span class='ocrx_word' id='word_1_9' title='bbox 1294 689 1360 748; x_wconf 89' lang='lat' dir='ltr'><strong>est:</strong></span> 
     </span>
     <span class='ocr_line' id='line_1_3' title="bbox 241 790 1361 880; baseline 0.001 -24"><span class='ocrx_word' id='word_1_10' title='bbox 241 793 347 876; x_wconf 83' lang='grc' dir='ltr'><em>ὥσπερ</em></span> <span class='ocrx_word' id='word_1_11' title='bbox 372 796 407 857; x_wconf 88' lang='grc' dir='ltr'><em>τὸ</em></span> <span class='ocrx_word' id='word_1_12' title='bbox 431 800 497 874; x_wconf 74' lang='grc' dir='ltr'><em>φῶς</em></span> <span class='ocrx_word' id='word_1_13' title='bbox 519 791 606 880; x_wconf 81' lang='grc' dir='ltr'><em>(διὰ)</em></span> <span class='ocrx_word' id='word_1_14' title='bbox 628 790 822 877; x_wconf 70' lang='grc' dir='ltr'><em>λυχνούχου.</em></span> <span class='ocrx_word' id='word_1_15' title='bbox 844 794 1053 880; x_wconf 76' lang='lat' dir='ltr'><strong>Comparatur</strong></span> <span class='ocrx_word' id='word_1_16' title='bbox 1069 797 1154 862; x_wconf 81' lang='lat' dir='ltr'><strong>enim</strong></span> <span class='ocrx_word' id='word_1_17' title='bbox 1174 795 1288 877; x_wconf 76' lang='grc' dir='ltr'><em>ε’ξωμίς</em></span> <span class='ocrx_word' id='word_1_18' title='bbox 1301 794 1361 858; x_wconf 88' lang='grc' dir='ltr'><em>λυ-</em></span> 
     </span>
     <span class='ocr_line' id='line_1_4' title="bbox 242 905 1362 997; baseline 0.001 -25"><span class='ocrx_word' id='word_1_19' title='bbox 242 910 381 993; x_wconf 83' lang='grc' dir='ltr'><em>χνούχῳ,</em></span> <span class='ocrx_word' id='word_1_20' title='bbox 407 906 492 990; x_wconf 85' lang='lat' dir='ltr'><strong>quod</strong></span> <span class='ocrx_word' id='word_1_21' title='bbox 514 905 688 972; x_wconf 87' lang='lat' dir='ltr'><strong>seeundum</strong></span> <span class='ocrx_word' id='word_1_22' title='bbox 710 905 925 990; x_wconf 86' lang='lat' dir='ltr'><strong>Phryniohnm</strong></span> <span class='ocrx_word' id='word_1_23' title='bbox 949 907 1059 994; x_wconf 89' lang='lat' dir='ltr'><strong>(quem</strong></span> <span class='ocrx_word' id='word_1_24' title='bbox 1081 909 1189 976; x_wconf 71' lang='lat' dir='ltr'><strong>laudnt</strong></span> <span class='ocrx_word' id='word_1_25' title='bbox 1211 907 1288 997; x_wconf 54' lang='lat' dir='ltr'><em>Mi,</em></span> <span class='ocrx_word' id='word_1_26' title='bbox 1312 913 1362 974; x_wconf 83' lang='lat' dir='ltr'><strong>est</strong></span> 
     </span>
     <span class='ocr_line' id='line_1_5' title="bbox 242 1017 1356 1106; baseline 0.002 -23"><span class='ocrx_word' id='word_1_27' title='bbox 242 1023 351 1092; x_wconf 80' lang='grc' dir='ltr'><em>σκεῦός</em></span> <span class='ocrx_word' id='word_1_28' title='bbox 383 1043 414 1082; x_wconf 90' lang='grc' dir='ltr'><em>τι</em></span> <span class='ocrx_word' id='word_1_29' title='bbox 447 1021 483 1083; x_wconf 83' lang='grc' dir='ltr'><em>έν</em></span> <span class='ocrx_word' id='word_1_30' title='bbox 515 1017 624 1100; x_wconf 81' lang='grc' dir='ltr'><em>κύκλῳ</em></span> <span class='ocrx_word' id='word_1_31' title='bbox 658 1017 735 1102; x_wconf 76' lang='grc' dir='ltr'><em>ἕχον</em></span> <span class='ocrx_word' id='word_1_32' title='bbox 769 1017 945 1102; x_wconf 88' lang='grc' dir='ltr'><em>κέρατα,</em></span> <span class='ocrx_word' id='word_1_33' title='bbox 971 1019 1068 1085; x_wconf 74' lang='grc' dir='ltr'><em>ἔνδον</em></span> <span class='ocrx_word' id='word_1_34' title='bbox 1093 1021 1128 1084; x_wconf 81' lang='grc' dir='ltr'><em>δέ</em></span> <span class='ocrx_word' id='word_1_35' title='bbox 1154 1021 1273 1106; x_wconf 84' lang='grc' dir='ltr'><em>λύχνον</em></span> <span class='ocrx_word' id='word_1_36' title='bbox 1298 1027 1356 1100; x_wconf 80' lang='grc' dir='ltr'><em>ἡμ-</em></span> 
     </span>
     <span class='ocr_line' id='line_1_6' title="bbox 239 1131 1360 1219; baseline 0.002 -23"><span class='ocrx_word' id='word_1_37' title='bbox 239 1133 355 1216; x_wconf 86' lang='grc' dir='ltr'><em>μένον,</em></span> <span class='ocrx_word' id='word_1_38' title='bbox 381 1131 436 1196; x_wconf 81' lang='grc' dir='ltr'><em>διὰ</em></span> <span class='ocrx_word' id='word_1_39' title='bbox 457 1136 523 1196; x_wconf 83' lang='grc' dir='ltr'><em>τῶν</em></span> <span class='ocrx_word' id='word_1_40' title='bbox 545 1137 732 1214; x_wconf 82' lang='grc' dir='ltr'><em>κεράτων</em></span> <span class='ocrx_word' id='word_1_41' title='bbox 755 1136 791 1196; x_wconf 86' lang='grc' dir='ltr'><em>τὸ</em></span> <span class='ocrx_word' id='word_1_42' title='bbox 811 1137 880 1214; x_wconf 79' lang='grc' dir='ltr'><em>φῶς</em></span> <span class='ocrx_word' id='word_1_43' title='bbox 900 1133 1085 1216; x_wconf 79' lang='grc' dir='ltr'><em>πέμποντα.</em></span> <span class='ocrx_word' id='word_1_44' title='bbox 1101 1133 1360 1219; x_wconf 78' lang='lat' dir='ltr'><strong>Undesuspieor:</strong></span> 
     </span>
     <span class='ocr_line' id='line_1_7' title="bbox 530 1243 988 1331; baseline 0.009 -23"><span class='ocrx_word' id='word_1_45' title='bbox 530 1248 584 1308; x_wconf 79' lang='grc' dir='ltr'><em>καί</em></span> <span class='ocrx_word' id='word_1_46' title='bbox 610 1243 841 1331; x_wconf 74' lang='grc' dir='ltr'><em>διαστίλβονθ’</em></span> <span class='ocrx_word' id='word_1_47' title='bbox 865 1249 988 1330; x_wconf 83' lang='grc' dir='ltr'><em>ὁρῶμεν</em></span> 
     </span>
     <span class='ocr_line' id='line_1_8' title="bbox 528 1357 1084 1446; baseline 0.004 -25"><span class='ocrx_word' id='word_1_48' title='bbox 528 1359 634 1442; x_wconf 83' lang='grc' dir='ltr'><em>ὥσπερ</em></span> <span class='ocrx_word' id='word_1_49' title='bbox 659 1358 816 1441; x_wconf 80' lang='grc' dir='ltr'><em>εὐκέρω</em></span> <span class='ocrx_word' id='word_1_50' title='bbox 839 1357 1084 1446; x_wconf 86' lang='grc' dir='ltr'><em>λυχνούχου</em></span> 
     </span>
     <span class='ocr_line' id='line_1_9' title="bbox 529 1471 907 1554; baseline 0.005 -18"><span class='ocrx_word' id='word_1_51' title='bbox 529 1478 639 1536; x_wconf 85' lang='grc' dir='ltr'><em>πάντα</em></span> <span class='ocrx_word' id='word_1_52' title='bbox 663 1479 719 1552; x_wconf 80' lang='grc' dir='ltr'><em>τῆς</em></span> <span class='ocrx_word' id='word_1_53' title='bbox 743 1471 907 1554; x_wconf 75' lang='grc' dir='ltr'><em>ἐξωμίδος.</em></span> 
     </span>
     <span class='ocr_line' id='line_1_10' title="bbox 286 1583 916 1670; baseline -0.003 -21"><span class='ocrx_word' id='word_1_54' title='bbox 286 1584 338 1649; x_wconf 87' lang='lat' dir='ltr'><em>Ad</em></span> <span class='ocrx_word' id='word_1_55' title='bbox 360 1585 494 1650; x_wconf 81' lang='lat' dir='ltr'><strong>formum</strong></span> <span class='ocrx_word' id='word_1_56' title='bbox 516 1585 656 1668; x_wconf 83' lang='lat' dir='ltr'><strong>genetivi</strong></span> <span class='ocrx_word' id='word_1_57' title='bbox 677 1585 717 1650; x_wconf 85' lang='lat' dir='ltr'><strong>es.</strong></span> <span class='ocrx_word' id='word_1_58' title='bbox 740 1583 916 1670; x_wconf 77' lang='grc' dir='ltr'><em>ὖψικέρως.</em></span> 
     </span>
    </p>
   </div>
   <div class='ocr_carea' id='block_1_3' title="bbox 286 1809 1140 2008">
    <p class='ocr_par' dir='ltr' id='par_1_3' title="bbox 286 1809 1140 2008">
     <span class='ocr_line' id='line_1_11' title="bbox 286 1809 1080 1894; baseline -0.003 -16"><span class='ocrx_word' id='word_1_59' title='bbox 286 1811 364 1894; x_wconf 80' lang='lat' dir='ltr'><strong>Pag.</strong></span> <span class='ocrx_word' id='word_1_60' title='bbox 388 1811 464 1876; x_wconf 77' lang='lat'><strong>987.</strong></span> <span class='ocrx_word' id='word_1_61' title='bbox 487 1809 640 1876; x_wconf 78' lang='lat' dir='ltr'><strong>Eiusdem</strong></span> <span class='ocrx_word' id='word_1_62' title='bbox 663 1811 899 1874; x_wconf 85' lang='grc' dir='ltr'><em>ΓΕΩΡΓΩΝ</em></span> <span class='ocrx_word' id='word_1_63' title='bbox 920 1810 959 1876; x_wconf 82' lang='lat' dir='ltr'><strong>fr.</strong></span> <span class='ocrx_word' id='word_1_64' title='bbox 982 1811 1080 1876; x_wconf 82' lang='lat' dir='ltr'>VIII:</span> 
     </span>
     <span class='ocr_line' id='line_1_12' title="bbox 331 1920 1140 2008; baseline 0.004 -23"><span class='ocrx_word' id='word_1_65' title='bbox 331 1925 456 2006; x_wconf 72' lang='grc' dir='ltr'><em>Εἰρήνη</em></span> <span class='ocrx_word' id='word_1_66' title='bbox 480 1920 694 2008; x_wconf 75' lang='grc' dir='ltr'><em>βαθύπλουτε</em></span> <span class='ocrx_word' id='word_1_67' title='bbox 719 1925 775 1986; x_wconf 81' lang='grc' dir='ltr'><em>καί</em></span> <span class='ocrx_word' id='word_1_68' title='bbox 801 1923 974 2007; x_wconf 78' lang='grc' dir='ltr'><em>ζευγὰριον</em></span> <span class='ocrx_word' id='word_1_69' title='bbox 997 1926 1140 2008; x_wconf 78' lang='grc' dir='ltr'><em>βοεικόν·</em></span> 
     </span>
    </p>
   </div>
   <div class='ocr_carea' id='block_1_4' title="bbox 288 2035 1362 2464">
    <p class='ocr_par' dir='ltr' id='par_1_4' title="bbox 331 2035 1191 2121">
     <span class='ocr_line' id='line_1_13' title="bbox 331 2035 1191 2121; baseline -0.002 -19"><span class='ocrx_word' id='word_1_70' title='bbox 331 2039 360 2102; x_wconf 83' lang='grc' dir='ltr'><em>εἷ</em></span> <span class='ocrx_word' id='word_1_71' title='bbox 382 2041 444 2121; x_wconf 75' lang='grc' dir='ltr'><em>γὰρ</em></span> <span class='ocrx_word' id='word_1_72' title='bbox 470 2037 539 2117; x_wconf 86' lang='grc' dir='ltr'><em>έμοί</em></span> <span class='ocrx_word' id='word_1_73' title='bbox 563 2035 764 2120; x_wconf 79' lang='grc' dir='ltr'><em>παυσαμένῳ</em></span> <span class='ocrx_word' id='word_1_74' title='bbox 788 2039 844 2102; x_wconf 82' lang='grc' dir='ltr'><em>τοῦ</em></span> <span class='ocrx_word' id='word_1_75' title='bbox 868 2035 1013 2118; x_wconf 84' lang='grc' dir='ltr'><em>πολέμου</em></span> <span class='ocrx_word' id='word_1_76' title='bbox 1037 2035 1191 2113; x_wconf 76' lang='grc' dir='ltr'><em>γένοιτο·</em></span> 
     </span>
    </p>

    <p class='ocr_par' dir='ltr' id='par_1_5' title="bbox 331 2147 1238 2234">
     <span class='ocr_line' id='line_1_14' title="bbox 331 2147 1238 2234; baseline -0.002 -20"><span class='ocrx_word' id='word_1_77' title='bbox 331 2155 458 2234; x_wconf 83' lang='grc' dir='ltr'><em>σκάψαι</em></span> <span class='ocrx_word' id='word_1_78' title='bbox 484 2147 690 2214; x_wconf 85' lang='grc' dir='ltr'><em>κοίποκλάσαι</em></span> <span class='ocrx_word' id='word_1_79' title='bbox 715 2174 749 2214; x_wconf 81' lang='grc' dir='ltr'><em>τε</em></span> <span class='ocrx_word' id='word_1_80' title='bbox 775 2153 830 2214; x_wconf 87' lang='grc' dir='ltr'><em>καί</em></span> <span class='ocrx_word' id='word_1_81' title='bbox 856 2149 1046 2233; x_wconf 82' lang='grc' dir='ltr'><em>λουσαμένῳ</em></span> <span class='ocrx_word' id='word_1_82' title='bbox 1070 2148 1238 2215; x_wconf 77' lang='grc' dir='ltr'><em>διελκύσαι</em></span> 
     </span>
    </p>

    <p class='ocr_par' dir='ltr' id='par_1_6' title="bbox 288 2262 1362 2464">
     <span class='ocr_line' id='line_1_15' title="bbox 331 2262 1289 2348; baseline -0.001 -21"><span class='ocrx_word' id='word_1_83' title='bbox 331 2271 388 2344; x_wconf 76' lang='grc' dir='ltr'><em>τῆς</em></span> <span class='ocrx_word' id='word_1_84' title='bbox 412 2264 528 2347; x_wconf 64' lang='grc' dir='ltr'><em>τροχὸς</em></span> <span class='ocrx_word' id='word_1_85' title='bbox 550 2266 652 2347; x_wconf 82' lang='grc' dir='ltr'><em>ἄρτον</em></span> <span class='ocrx_word' id='word_1_86' title='bbox 679 2262 819 2348; x_wconf 86' lang='grc' dir='ltr'><em>λιπαρὸν</em></span> <span class='ocrx_word' id='word_1_87' title='bbox 844 2267 900 2328; x_wconf 89' lang='grc' dir='ltr'><em>καί</em></span> <span class='ocrx_word' id='word_1_88' title='bbox 927 2267 1075 2347; x_wconf 82' lang='grc' dir='ltr'><em>ῥάφανον</em></span> <span class='ocrx_word' id='word_1_89' title='bbox 1098 2262 1289 2348; x_wconf 84' lang='grc' dir='ltr'><em>φέροντι.</em></span> 
     </span>
     <span class='ocr_line' id='line_1_16' title="bbox 288 2375 1362 2464; baseline 0.003 -26"><span class='ocrx_word' id='word_1_90' title='bbox 288 2375 429 2460; x_wconf 80' lang='grc' dir='ltr'><em>Φέροντι</em></span> <span class='ocrx_word' id='word_1_91' title='bbox 452 2382 537 2443; x_wconf 86' lang='lat' dir='ltr'><strong>reete</strong></span> <span class='ocrx_word' id='word_1_92' title='bbox 559 2385 740 2464; x_wconf 89' lang='lat' dir='ltr'><strong>eorruptum</strong></span> <span class='ocrx_word' id='word_1_93' title='bbox 763 2377 881 2446; x_wconf 77' lang='lat' dir='ltr'><strong>iudioet</strong></span> <span class='ocrx_word' id='word_1_94' title='bbox 900 2379 943 2444; x_wconf 85' lang='lat' dir='ltr'><em>M.</em></span> <span class='ocrx_word' id='word_1_95' title='bbox 964 2378 1128 2446; x_wconf 73' lang='lat' dir='ltr'><strong>Sententia</strong></span> <span class='ocrx_word' id='word_1_96' title='bbox 1146 2377 1276 2461; x_wconf 85' lang='lat' dir='ltr'><strong>requirit</strong></span> <span class='ocrx_word' id='word_1_97' title='bbox 1294 2395 1362 2443; x_wconf 86' lang='lat' dir='ltr'><strong>ver·</strong></span> 
     </span>
    </p>
   </div>
   <div class='ocr_carea' id='block_1_5' title="bbox 242 2489 1229 2667">
    <p class='ocr_par' dir='ltr' id='par_1_7' title="bbox 242 2489 1229 2667">
     <span class='ocr_line' id='line_1_17' title="bbox 242 2489 964 2574; baseline -0.003 -16"><span class='ocrx_word' id='word_1_98' title='bbox 242 2491 319 2558; x_wconf 85' lang='lat' dir='ltr'><strong>burn</strong></span> <span class='ocrx_word' id='word_1_99' title='bbox 341 2489 472 2574; x_wconf 87' lang='lat' dir='ltr'><strong>edendi,</strong></span> <span class='ocrx_word' id='word_1_100' title='bbox 497 2509 594 2574; x_wconf 85' lang='lat' dir='ltr'><strong>quare</strong></span> <span class='ocrx_word' id='word_1_101' title='bbox 616 2490 754 2558; x_wconf 82' lang='lat' dir='ltr'><strong>videon</strong></span> <span class='ocrx_word' id='word_1_102' title='bbox 776 2491 964 2558; x_wconf 67' lang='lat' dir='ltr'><strong>eetisffleiut:</strong></span> 
     </span>
     <span class='ocr_line' id='line_1_18' title="bbox 1062 2601 1229 2667; baseline -0.006 0"><span class='ocrx_word' id='word_1_103' title='bbox 1062 2601 1229 2667; x_wconf 73' lang='grc' dir='ltr'><em>διελκύσαι</em></span> 
     </span>
    </p>
   </div>
   <div class='ocr_carea' id='block_1_6' title="bbox 245 2718 1362 3146">
    <p class='ocr_par' dir='ltr' id='par_1_8' title="bbox 245 2718 1362 3146">
     <span class='ocr_line' id='line_1_19' title="bbox 332 2718 1316 2804; baseline -0.002 -22"><span class='ocrx_word' id='word_1_104' title='bbox 332 2727 388 2800; x_wconf 77' lang='grc' dir='ltr'><em>τῆς</em></span> <span class='ocrx_word' id='word_1_105' title='bbox 412 2719 542 2803; x_wconf 79' lang='grc' dir='ltr'><em>τρυγὸς,</em></span> <span class='ocrx_word' id='word_1_106' title='bbox 567 2721 669 2803; x_wconf 79' lang='grc' dir='ltr'><em>ἄρτον</em></span> <span class='ocrx_word' id='word_1_107' title='bbox 695 2718 915 2804; x_wconf 83' lang='grc' dir='ltr'><em>λιπαρὸν·καί</em></span> <span class='ocrx_word' id='word_1_108' title='bbox 941 2721 1089 2802; x_wconf 78' lang='grc' dir='ltr'><em>ῥάφανον</em></span> <span class='ocrx_word' id='word_1_109' title='bbox 1115 2720 1316 2800; x_wconf 77' lang='grc' dir='ltr'><em>φαγόντι.</em></span> 
     </span>
     <span class='ocr_line' id='line_1_20' title="bbox 290 2830 1361 2920; baseline -0.006 -22"><span class='ocrx_word' id='word_1_110' title='bbox 290 2834 328 2898; x_wconf 87' lang='lat' dir='ltr'><em>In</em></span> <span class='ocrx_word' id='word_1_111' title='bbox 351 2830 533 2911; x_wconf 81' lang='grc' dir='ltr'><em>διελκύσαι,</em></span> <span class='ocrx_word' id='word_1_112' title='bbox 558 2831 643 2916; x_wconf 82' lang='lat' dir='ltr'><strong>quod</strong></span> <span class='ocrx_word' id='word_1_113' title='bbox 666 2839 826 2920; x_wconf 71' lang='lat' dir='ltr'><strong>suspectat</strong></span> <span class='ocrx_word' id='word_1_114' title='bbox 847 2833 890 2899; x_wconf 87' lang='lat' dir='ltr'><em>M.</em></span> <span class='ocrx_word' id='word_1_115' title='bbox 914 2833 1085 2900; x_wconf 66' lang='lat' dir='ltr'><strong>confiniens</strong></span> <span class='ocrx_word' id='word_1_116' title='bbox 1104 2830 1193 2917; x_wconf 84' lang='grc' dir='ltr'><em>σύχν’</em></span> <span class='ocrx_word' id='word_1_117' title='bbox 1215 2830 1361 2908; x_wconf 83' lang='grc' dir='ltr'><em>έλκύσαι,</em></span> 
     </span>
     <span class='ocr_line' id='line_1_21' title="bbox 245 2945 1362 3031; baseline -0.004 -19"><span class='ocrx_word' id='word_1_118' title='bbox 245 2967 305 3031; x_wconf 80' lang='lat' dir='ltr'><strong>ego</strong></span> <span class='ocrx_word' id='word_1_119' title='bbox 327 2967 391 3013; x_wconf 93' lang='lat' dir='ltr'><em>non</em></span> <span class='ocrx_word' id='word_1_120' title='bbox 413 2947 539 3014; x_wconf 76' lang='lat' dir='ltr'><strong>haereo.</strong></span> <span class='ocrx_word' id='word_1_121' title='bbox 563 2948 657 3013; x_wconf 83' lang='lat' dir='ltr'><strong>Valet</strong></span> <span class='ocrx_word' id='word_1_122' title='bbox 679 2947 763 3013; x_wconf 89' lang='lat' dir='ltr'><strong>enim</strong></span> <span class='ocrx_word' id='word_1_123' title='bbox 780 2945 961 3011; x_wconf 76' lang='grc' dir='ltr'><em>διαπίνειν.</em></span> <span class='ocrx_word' id='word_1_124' title='bbox 979 2946 1076 3012; x_wconf 84' lang='lat' dir='ltr'><strong>Arist.</strong></span> <span class='ocrx_word' id='word_1_125' title='bbox 1094 2947 1167 3012; x_wconf 82' lang='lat' dir='ltr'><strong>Puo.</strong></span> <span class='ocrx_word' id='word_1_126' title='bbox 1187 2945 1273 3012; x_wconf 87' lang='lat'>1130</span> <span class='ocrx_word' id='word_1_127' title='bbox 1283 2965 1362 3028; x_wconf 62' lang='grc' dir='ltr'><em>ερατ</em></span> 
     </span>
     <span class='ocr_line' id='line_1_22' title="bbox 245 3057 1361 3146; baseline -0.003 -21"><span class='ocrx_word' id='word_1_128' title='bbox 245 3061 282 3126; x_wconf 80' lang='grc' dir='ltr'><em>οὐ</em></span> <span class='ocrx_word' id='word_1_129' title='bbox 303 3063 367 3146; x_wconf 77' lang='grc' dir='ltr'><em>γὰρ</em></span> <span class='ocrx_word' id='word_1_130' title='bbox 390 3059 517 3144; x_wconf 82' lang='grc' dir='ltr'><em>φιληδῶ</em></span> <span class='ocrx_word' id='word_1_131' title='bbox 540 3065 673 3146; x_wconf 80' lang='grc' dir='ltr'><em>μάχαις,</em></span> <span class='ocrx_word' id='word_1_132' title='bbox 698 3058 784 3124; x_wconf 68' lang='grc' dir='ltr'><em>ἀλλὰ</em></span> <span class='ocrx_word' id='word_1_133' title='bbox 811 3062 890 3144; x_wconf 77' lang='grc' dir='ltr'><em>πρὸς</em></span> <span class='ocrx_word' id='word_1_134' title='bbox 914 3063 976 3144; x_wconf 77' lang='grc' dir='ltr'><em>πῦρ</em></span> <span class='ocrx_word' id='word_1_135' title='bbox 1001 3057 1185 3123; x_wconf 83' lang='grc' dir='ltr'><em>διέλκων</em></span> <span class='ocrx_word' id='word_1_136' title='bbox 1208 3058 1275 3140; x_wconf 82' lang='grc' dir='ltr'><em>μετ’</em></span> <span class='ocrx_word' id='word_1_137' title='bbox 1300 3057 1361 3122; x_wconf 72' lang='lat' dir='ltr'><strong>‹iv-</strong></span> 
     </span>
    </p>
   </div>
   <div class='ocr_carea' id='block_1_7' title="bbox 245 3169 1363 3261">
    <p class='ocr_par' dir='ltr' id='par_1_9' title="bbox 245 3169 1363 3261">
     <span class='ocr_line' id='line_1_23' title="bbox 245 3169 1363 3261; baseline -0.005 -21"><span class='ocrx_word' id='word_1_138' title='bbox 245 3175 331 3261; x_wconf 82' lang='grc' dir='ltr'><em>δρῶν</em></span> <span class='ocrx_word' id='word_1_139' title='bbox 356 3176 493 3256; x_wconf 77' lang='grc' dir='ltr'><em>ἑταίρων</em></span> <span class='ocrx_word' id='word_1_140' title='bbox 514 3173 630 3258; x_wconf 83' lang='grc' dir='ltr'><em>φίλων,</em></span> <span class='ocrx_word' id='word_1_141' title='bbox 655 3171 767 3250; x_wconf 73' lang='grc' dir='ltr'><em>ἐκκέας</em></span> <span class='ocrx_word' id='word_1_142' title='bbox 791 3177 857 3239; x_wconf 81' lang='grc' dir='ltr'><em>τῶν</em></span> <span class='ocrx_word' id='word_1_143' title='bbox 877 3171 984 3248; x_wconf 82' lang='grc' dir='ltr'><em>ξύλων</em></span> <span class='ocrx_word' id='word_1_144' title='bbox 1004 3171 1075 3237; x_wconf 80' lang='grc' dir='ltr'><em>ἅττ’</em></span> <span class='ocrx_word' id='word_1_145' title='bbox 1097 3175 1140 3236; x_wconf 81' lang='grc' dir='ltr'><em>διν</em></span> <span class='ocrx_word' id='word_1_146' title='bbox 1161 3169 1363 3258; x_wconf 75' lang='grc' dir='ltr'><em>Ιἧδνινδτατα</em></span> 
     </span>
    </p>
   </div>
   <div class='ocr_carea' id='block_1_8' title="bbox 245 3284 1467 3373">
    <p class='ocr_par' dir='ltr' id='par_1_10' title="bbox 245 3284 1467 3373">
     <span class='ocr_line' id='line_1_24' title="bbox 245 3284 1467 3373; baseline -0.007 -19"><span class='ocrx_word' id='word_1_147' title='bbox 245 3293 301 3354; x_wconf 84' lang='grc' dir='ltr'><em>τοῦ</em></span> <span class='ocrx_word' id='word_1_148' title='bbox 337 3287 457 3373; x_wconf 74' lang='grc' dir='ltr'><em>θέρους</em></span> <span class='ocrx_word' id='word_1_149' title='bbox 491 3286 743 3373; x_wconf 79' lang='grc' dir='ltr'><em>ἐκπεπρισμένα,</em></span> <span class='ocrx_word' id='word_1_150' title='bbox 776 3287 1010 3370; x_wconf 70' lang='grc' dir='ltr'><em>κάνθρακίζων</em></span> <span class='ocrx_word' id='word_1_151' title='bbox 1042 3284 1260 3371; x_wconf 75' lang='grc' dir='ltr'><em>τούρεβίνθου</em></span> <span class='ocrx_word' id='word_1_152' title='bbox 1293 3287 1361 3348; x_wconf 75' lang='grc' dir='ltr'><em>κτέ.</em></span> <span class='ocrx_word' id='word_1_153' title='bbox 1466 3347 1467 3354; x_wconf 27' lang='grc'><em>,</em></span> 
     </span>
    </p>
   </div>
   <div class='ocr_carea' id='block_1_9' title="bbox 244 3397 1365 4036">
    <p class='ocr_par' dir='ltr' id='par_1_11' title="bbox 244 3397 1365 4036">
     <span class='ocr_line' id='line_1_25' title="bbox 245 3397 1340 3485; baseline -0.005 -17"><span class='ocrx_word' id='word_1_154' title='bbox 245 3401 393 3470; x_wconf 83' lang='lat' dir='ltr'><strong>Ceterum</strong></span> <span class='ocrx_word' id='word_1_155' title='bbox 416 3401 456 3468; x_wconf 86' lang='lat' dir='ltr'><strong>ef.</strong></span> <span class='ocrx_word' id='word_1_156' title='bbox 480 3401 644 3468; x_wconf 80' lang='lat' dir='ltr'><strong>Cratini</strong></span> <span class='ocrx_word' id='word_1_157' title='bbox 667 3401 778 3484; x_wconf 81' lang='lat' dir='ltr'><strong>fragm.</strong></span> <span class='ocrx_word' id='word_1_158' title='bbox 802 3423 844 3467; x_wconf 83' lang='lat' dir='ltr'><strong>ex</strong></span> <span class='ocrx_word' id='word_1_159' title='bbox 869 3398 971 3467; x_wconf 74' lang='grc' dir='ltr'><em>Ηονίο</em></span> <span class='ocrx_word' id='word_1_160' title='bbox 991 3397 1077 3485; x_wconf 76' lang='lat' dir='ltr'><strong>opud</strong></span> <span class='ocrx_word' id='word_1_161' title='bbox 1098 3399 1179 3466; x_wconf 90' lang='lat' dir='ltr'><strong>Poll.</strong></span> <span class='ocrx_word' id='word_1_162' title='bbox 1202 3399 1258 3464; x_wconf 88' lang='lat' dir='ltr'><em>VI.</em></span> <span class='ocrx_word' id='word_1_163' title='bbox 1285 3399 1340 3463; x_wconf 89' lang='lat'><em>18:</em></span> 
     </span>
     <span class='ocr_line' id='line_1_26' title="bbox 379 3511 1158 3598; baseline 0 -20"><span class='ocrx_word' id='word_1_164' title='bbox 379 3513 479 3580; x_wconf 88' lang='grc' dir='ltr'><em>Ἀλλ’</em></span> <span class='ocrx_word' id='word_1_165' title='bbox 505 3511 558 3596; x_wconf 79' lang='grc' dir='ltr'><em>ἦν,</em></span> <span class='ocrx_word' id='word_1_166' title='bbox 583 3515 630 3592; x_wconf 83' lang='grc' dir='ltr'><em>ὅτ’</em></span> <span class='ocrx_word' id='word_1_167' title='bbox 656 3516 691 3580; x_wconf 83' lang='grc' dir='ltr'><em>έν</em></span> <span class='ocrx_word' id='word_1_168' title='bbox 716 3517 866 3597; x_wconf 84' lang='grc' dir='ltr'><em>φίυσσωνι</em></span> <span class='ocrx_word' id='word_1_169' title='bbox 892 3518 951 3594; x_wconf 81' lang='grc' dir='ltr'><em>τὴν</em></span> <span class='ocrx_word' id='word_1_170' title='bbox 976 3512 1050 3596; x_wconf 84' lang='grc' dir='ltr'><em>ἰ’σην</em></span> <span class='ocrx_word' id='word_1_171' title='bbox 1075 3512 1158 3598; x_wconf 81' lang='grc' dir='ltr'><em>έχων</em></span> 
     </span>
     <span class='ocr_line' id='line_1_27' title="bbox 377 3625 1218 3710; baseline -0.007 -17"><span class='ocrx_word' id='word_1_172' title='bbox 377 3627 445 3710; x_wconf 81' lang='grc' dir='ltr'><em>μετ’</em></span> <span class='ocrx_word' id='word_1_173' title='bbox 469 3629 544 3709; x_wconf 79' lang='grc' dir='ltr'><em>ἐμοῦ</em></span> <span class='ocrx_word' id='word_1_174' title='bbox 569 3626 677 3709; x_wconf 77' lang='grc' dir='ltr'><em>διῆγες</em></span> <span class='ocrx_word' id='word_1_175' title='bbox 700 3633 857 3710; x_wconf 79' lang='grc' dir='ltr'><em>μοῖραν</em></span> <span class='ocrx_word' id='word_1_176' title='bbox 882 3625 986 3692; x_wconf 72' lang='grc' dir='ltr'><em>Γέλκων</em></span> <span class='ocrx_word' id='word_1_177' title='bbox 1011 3633 1066 3707; x_wconf 78' lang='grc' dir='ltr'><em>τῆς</em></span> <span class='ocrx_word' id='word_1_178' title='bbox 1091 3628 1218 3709; x_wconf 78' lang='grc' dir='ltr'><em>τρυγός·</em></span> 
     </span>
     <span class='ocr_line' id='line_1_28' title="bbox 244 3738 1363 3834; baseline -0.004 -25"><span class='ocrx_word' id='word_1_179' title='bbox 244 3763 319 3809; x_wconf 79' lang='lat' dir='ltr'><em>nam</em></span> <span class='ocrx_word' id='word_1_180' title='bbox 352 3742 396 3807; x_wconf 87' lang='lat' dir='ltr'><strong>ita</strong></span> <span class='ocrx_word' id='word_1_181' title='bbox 426 3739 597 3825; x_wconf 84' lang='lat' dir='ltr'><strong>legendum</strong></span> <span class='ocrx_word' id='word_1_182' title='bbox 626 3761 683 3827; x_wconf 92' lang='lat' dir='ltr'><strong>pro</strong></span> <span class='ocrx_word' id='word_1_183' title='bbox 712 3741 867 3826; x_wconf 77' lang='lat' dir='ltr'><strong>vulgetis:</strong></span> <span class='ocrx_word' id='word_1_184' title='bbox 899 3739 1009 3821; x_wconf 78' lang='grc' dir='ltr'><em>διῆγες</em></span> <span class='ocrx_word' id='word_1_185' title='bbox 1033 3738 1231 3834; x_wconf 61' lang='lat' dir='ltr'><strong>nivenen,</strong></span> <span class='ocrx_word' id='word_1_186' title='bbox 1255 3758 1363 3822; x_wconf 85' lang='lat' dir='ltr'><strong>qnem-</strong></span> 
     </span>
     <span class='ocr_line' id='line_1_29' title="bbox 244 3850 1365 3941; baseline -0.006 -18"><span class='ocrx_word' id='word_1_187' title='bbox 244 3855 416 3924; x_wconf 81' lang='lat' dir='ltr'><strong>admodum</strong></span> <span class='ocrx_word' id='word_1_188' title='bbox 446 3855 550 3941; x_wconf 89' lang='lat' dir='ltr'><strong>ipsum</strong></span> <span class='ocrx_word' id='word_1_189' title='bbox 576 3873 702 3940; x_wconf 88' lang='lat' dir='ltr'><strong>quoque</strong></span> <span class='ocrx_word' id='word_1_190' title='bbox 732 3854 774 3918; x_wconf 89' lang='lat' dir='ltr'><em>M.</em></span> <span class='ocrx_word' id='word_1_191' title='bbox 806 3852 972 3938; x_wconf 88' lang='lat' dir='ltr'><strong>postmodo</strong></span> <span class='ocrx_word' id='word_1_192' title='bbox 1002 3853 1177 3920; x_wconf 73' lang='lat' dir='ltr'><strong>correxisse</strong></span> <span class='ocrx_word' id='word_1_193' title='bbox 1206 3850 1301 3918; x_wconf 83' lang='lat' dir='ltr'><strong>video</strong></span> <span class='ocrx_word' id='word_1_194' title='bbox 1323 3870 1365 3916; x_wconf 84' lang='lat' dir='ltr'><strong>ex</strong></span> 
     </span>
     <span class='ocr_line' id='line_1_30' title="bbox 246 3967 427 4036; baseline 0 -2"><span class='ocrx_word' id='word_1_195' title='bbox 246 3967 427 4036; x_wconf 69' lang='lat' dir='ltr'><strong>Audendis.</strong></span> 
     </span>
    </p>
   </div>
   <div class='ocr_carea' id='block_1_10' title="bbox 290 4193 691 4278">
    <p class='ocr_par' dir='ltr' id='par_1_12' title="bbox 290 4193 691 4278">
     <span class='ocr_line' id='line_1_31' title="bbox 290 4193 691 4278; baseline -0.005 -18"><span class='ocrx_word' id='word_1_196' title='bbox 290 4195 369 4278; x_wconf 70' lang='lat' dir='ltr'><strong>rag.</strong></span> <span class='ocrx_word' id='word_1_197' title='bbox 393 4194 468 4260; x_wconf 81' lang='lat' dir='ltr'><strong>ees.</strong></span> <span class='ocrx_word' id='word_1_198' title='bbox 492 4193 540 4260; x_wconf 79' lang='lat' dir='ltr'><strong>ro.</strong></span> <span class='ocrx_word' id='word_1_199' title='bbox 563 4193 601 4260; x_wconf 76' lang='lat' dir='ltr'><strong>rr.</strong></span> <span class='ocrx_word' id='word_1_200' title='bbox 625 4193 691 4260; x_wconf 82' lang='lat' dir='ltr'><em>IX:</em></span> 
     </span>
    </p>
   </div>
   <div class='ocr_carea' id='block_1_11' title="bbox 0 0 1493 5016">
    <p class='ocr_par' dir='ltr' id='par_1_13' title="bbox 0 0 1493 5016">
     <span class='ocr_line' id='line_1_32' title="bbox 0 0 1493 5016; baseline 0 0"><span class='ocrx_word' id='word_1_201' title='bbox 0 0 1493 5016; x_wconf 95' lang='lat' dir='ltr'><em> </em></span> 
     </span>
    </p>
   </div>
  </div>
 </body>
</html>
