2932 5004
634 351 697 414 109

86 561 147 605 uam
177 537 221 604 ihi
248 561 314 603 non
345 538 445 627 magis
476 558 572 626 quam
595 536 617 602 I.
645 561 678 602 n.
700 536 740 603 de
756 538 962 630 proditione
984 539 1115 628 cogitari
1137 547 1251 629 potest.

86 661 116 726 In
142 660 255 726 ricinia
287 681 331 724 rs.
369 662 409 723 lo
445 658 601 722 contrario
635 680 740 724 errore
779 660 809 724 ei
842 681 938 748 quem
961 683 1054 750 supra
1077 661 1255 726 notavimus

83 781 204 871 iegitur:
251 787 391 860 σωτῆρας
430 777 642 855 ἐπεκύλιον,
677 778 733 844 ubi
765 780 975 852 necessarium
1009 791 1078 846 est:
1116 789 1254 874 σωτῆρας

85 901 278 967 ἐπεκάλουν.

121 1021 255 1088 Videant
288 1020 363 1099 aIii,
400 1021 557 1110 quomodo
591 1021 674 1086 salus
705 1021 797 1088 ‘reddi
830 1023 925 1111 possit
949 1023 1057 1113 primis
1081 1023 1183 1088 verbis
1213 1024 1255 1090 fr.

85 1141 178 1208 mv
212 1140 337 1229 (XXI)=
372 1136 417 1207 ότι
449 1139 601 1215 όύπατος
621 1143 783 1219 Ποπίλιος,
805 1141 984 1225 Ούιριοέτίου
1008 1144 1098 1225 περὶ
1123 1144 1257 1208 διαλέ-

83 1259 165 1337 ξεως
187 1259 420 1339 ἀξιοῦντος,
441 1261 535 1343 ἐκρινε
555 1261 776 1343 προστάττειν,
799 1285 875 1328 nam
897 1263 964 1353 ipse
987 1263 1073 1353 quod
1097 1265 1170 1331 satis
1192 1263 1258 1330 leni

83 1383 249 1448 mutatione
273 1395 445 1472 reponatur
467 1405 532 1447 non
556 1383 693 1450 Invenio.

122 1502 261 1568 Verbum
285 1502 434 1568 excidisse
455 1514 584 1593 apparet
607 1525 644 1568 er
666 1504 706 1568 fr.
734 1503 839 1570 XXVI
865 1503 1003 1591 (XXIII)
1026 1507 1059 1569 in
1083 1506 1150 1594 ipso
1174 1505 1259 1571 limi-

84 1645 136 1702 ne,
166 1623 224 1689 ubi
256 1624 409 1713 legimus:
446 1618 490 1688 ότι
521 1632 717 1702 Πτολεμαῖος
748 1625 799 1690 διὰ
829 1626 884 1700 την
919 1625 1065 1704 ὠμότητα
1095 1626 1148 1691 καί
1172 1649 1260 1704 μιαι-

85 1745 186 1822 Φονίαν
215 1744 269 1810 καί
300 1745 352 1809 arc
380 1743 441 1814 τοῖς
464 1744 571 1819 οένέδην
593 1752 651 1810 τῶν
675 1745 847 1824 αἰσχίστων
870 1745 975 1822 ἡδονῶν
997 1744 1186 1816 ύπολαύσεις
1206 1746 1258 1810 καί

86 1865 115 1929 τὸ
142 1871 197 1932 τοῦ
228 1865 371 1943 σώματος
401 1865 528 1941 οῖγεννές
556 1863 670 1942 πύόος,
692 1865 735 1931 διὸ
760 1864 884 1931 Φύσκων
910 1866 1062 1930 ἐκαλεῖτο.
1110 1865 1260 1930 Fueritne

87 1991 183 2052 tamen
212 1987 367 2064 ἐμισεῖτο,
399 2007 439 2050 an
470 1991 686 2068 κατεφρονεῖτο
720 1983 843 2051 aliudve
876 1984 962 2073 (nam
992 1986 1082 2075 pluro
1107 1987 1261 2052 sententia

89 2104 273 2193 admiserit),
309 2104 397 2170 dictu
431 2118 476 2170 est
511 2105 746 2172 difficillimum.
795 2106 854 2171 Pro
888 2106 1000 2172 ultimo
1024 2127 1155 2184 eorum,
1180 2129 1261 2196 quae

88 2225 251 2317 adscripsi,
275 2225 428 2292 rocabqu
453 2206 675 2316 exspectaveris
700 2227 893 2293 ἐπεκαλεῖτο.

124 2349 161 2414 In
192 2349 349 2438 principio
379 2348 418 2412 fr.
446 2347 605 2414 XXVIII:
632 2344 677 2414 ότι
701 2351 719 2424 ἡ
743 2348 832 2420 πόλις
856 2353 873 2424 ἦ
897 2348 1071 2428 καλουμένη
1101 2349 1261 2415 Κοίντου·

85 2469 168 2548 βρις
192 2469 364 2534 σέπέστειλε
388 2469 583 2551 πρεσβευτὰς
607 2471 679 2550 πρὸς
703 2469 888 2548 Ῥωμαίους,
912 2491 1028 2534 nomen
1052 2468 1160 2558 oppidi
1179 2469 1262 2536 male

84 2587 197 2656 Iectnrn
223 2602 272 2674 cst
300 2612 317 2654 a
349 2589 449 2669 Maio,
473 2611 548 2654 nam
572 2589 643 2656 cod.
668 2589 765 2654 habet
788 2589 971 2670 Κόντοβριςς
997 2589 1050 2654 sed
1072 2611 1177 2678 neque
1200 2589 1262 2655 hoc

23 2785 24 2796 p
84 2734 183 2800 neque
214 2709 296 2776 iilud
326 2733 442 2776 nomen
473 2710 553 2775 mihi
574 2711 723 2776 innotuit.
772 2711 886 2776 Latere
908 2710 1049 2799 suspicor
1070 2711 1262 2791 Κοντρεβία,

84 2855 172 2920 quarn
196 2830 428 2897 Celtiberorum
448 2831 606 2896 ciuitatem
624 2831 719 2898 fuisse
738 2843 860 2896 constat
879 2853 943 2895 non
959 2829 1142 2920 ignobilem.
1169 2827 1264 2898 Certe

83 2967 131 3018 aut
160 2953 278 3018 horum
310 2965 364 3017 aut
389 2951 611 3018 Lusitanorum
633 2953 786 3044 oppidum
808 2951 1051 3042 intelligendum
1073 2976 1140 3018 esse
1163 2952 1264 3042 liquet

82 3097 97 3138 e
125 3073 248 3140 uerbis:
283 3075 297 3138 ἐ
327 3075 353 3140 δ’
384 3071 501 3182 ὕπατος
530 3067 646 3145 τούτοις
677 3073 822 3155 οῖπεκρίόη
846 3073 919 3140 διότι
943 3073 1108 3140 Λυσιτανοί
1131 3075 1188 3152 μέν
1210 3075 1263 3139 καί

84 3195 271 3275 Κελτίβηρες
292 3193 519 3267 ἐπιτηδεύουσιν
538 3195 679 3260 οέπειλεῖν
699 3195 763 3260 κτέ.
796 3173 845 3260 lb'.
868 3217 941 3284 pro:
962 3197 1006 3267 είς
1025 3193 1133 3261 τούσδε
1152 3193 1263 3267 τύπους

82 3327 163 3382 recte
186 3314 259 3382 cod.
285 3315 328 3385 εἰς
351 3313 459 3379 τούσδε
483 3314 576 3387 τοὺς
599 3313 724 3389 τόπους.

23 3479 24 3490 ι
122 3436 158 3501 In
179 3436 295 3525 fragm.
319 3434 566 3524 antepenultimo
586 3434 680 3501 huius
699 3434 772 3500 libri
784 3435 878 3526 culpa
897 3435 1052 3502 editorum
1074 3435 1205 3514 accidit,
1226 3449 1262 3502 ut

82 3555 141 3622 duo
156 3569 326 3646 excerpta,
352 3578 433 3645 quae
445 3555 484 3620 ad
497 3555 629 3622 eandem
643 3555 769 3645 quidem
782 3579 848 3622 rem
861 3569 1001 3646 spectare
1013 3555 1111 3622 rideri
1122 3557 1262 3646 possint,

81 3699 139 3742 nec
161 3690 269 3743 tamen
293 3677 365 3742 satis
390 3676 597 3755 cohaereant,
624 3677 799 3743 coaluerint
823 3677 856 3742 in
880 3699 991 3742 unuru.
1042 3676 1185 3742 Alterum
1209 3701 1263 3743 er-

80 3811 225 3889 eerptum
258 3797 319 3862 hoc
342 3809 407 3863 est:
434 3801 448 3860 ό
472 3799 498 3862 δ’
520 3797 635 3871 Ἰούνιος
660 3796 887 3880 παρακαλέσας
909 3797 979 3870 τοὺς
1003 3797 1214 3880 στρατιώτας,
1238 3797 1263 3863 εἰ

23 3927 24 3960 ³
83 3921 133 3984 καί
155 3943 255 3996 ποτε,
281 3922 332 3983 νῦν
355 3917 590 3999 ύνέραγαόιῖσαι
618 3918 670 3984 καί
695 3924 754 3984 τῶν
775 3919 1001 4001 προγεγονότων
1020 3917 1263 4001 κατορόωμοίτων

83 4038 182 4115 ἐξίους
215 4047 364 4121 φανῆναι.
413 4038 557 4103 Alterum
588 4038 666 4104 hoc:
693 4035 773 4118 όμως
796 4041 851 4104 ούκ
873 4037 1003 4119 ἔκαμνον
1026 4049 1097 4115 ταῖς
1119 4045 1263 4124 ψυχαῖς,

82 4160 305 4242 κατισχύοντος
329 4161 382 4224 τοῦ
407 4165 557 4240 λογισμοῦ
580 4161 634 4236 την
658 4166 716 4226 τῶν
739 4159 891 4240 σωμύτων
914 4159 1081 4226 οέσύένειαν.

123 4281 240 4348 Editur
273 4281 307 4346 in
341 4279 453 4369 fragm.
486 4281 617 4347 ultimo:
649 4278 695 4346 ύτι
725 4283 740 4347 ό
771 4282 913 4361 Δίμίλιος
947 4319 993 4332 -
1023 4281 1074 4347 δια
1110 4281 1166 4355 την
1193 4280 1261 4357 βα·

82 4404 220 4478 ρύτητα
253 4400 307 4466 καί
339 4401 531 4477 δυσκινησίαν
557 4381 778 4483 τοῦσώματος
802 4413 841 4488 τῇ
866 4403 916 4468 tut
939 4404 990 4468 τόν
1013 4399 1103 4479 όγκον
1127 4399 1262 4482 ὑπεροχῇ

82 4525 131 4590 καὶ
163 4527 207 4606 τῷ
240 4523 349 4598 πληόει
380 4529 438 4587 τῶν
468 4523 713 4606 περικεχυμένων
742 4531 859 4607 σαρκῶν
890 4521 1047 4605 ἄχρηστος
1077 4513 1111 4591 ἦν
1140 4519 1172 4584 ἐν
1194 4527 1265 4591 ταῖς

82 4647 166 4713 κατὰ
188 4644 325 4726 πόλεμον
347 4645 521 4726 ἐνεργείαις.
571 4641 756 4736 Priusquam
774 4646 879 4712 Iocmn
901 4642 938 4707 ad
959 4642 1055 4706 finem
1073 4639 1261 4730 perlegeris,
