2932 5004
80 551 234 628 excerpto,
279 535 336 602 ubi
373 536 508 626 legitur:
552 535 737 618 τετρακόσια
779 535 926 603 τοίλαντα
970 535 1161 616 παρέθετο
1196 557 1252 625 pro

18 719 19 728 ,
81 657 345 738 παρακατέθετο.
394 657 476 723 Vere
507 657 601 724 lectio
633 657 766 722 feliciter
796 657 914 722 intacta
944 657 1060 721 mansit
1086 657 1119 721 in
1146 657 1187 722 ir.
1213 659 1251 720 1⁷

81 777 142 843 libr.
166 778 298 844 XXXII.
347 776 430 844 Cum
454 778 524 843 loco
548 791 654 844 nostro
678 801 846 868 componas
867 776 978 865 Polyb.
1001 776 1143 843 XXXIII
1165 799 1173 840 ι
1197 779 1251 842 12.

119 899 167 964 l'r.
204 898 310 964 XLVI
342 897 510 987 (XXXV):
561 899 678 964 Forma
711 898 893 982 Νικηφίοιον
925 909 1066 964 mutetur
1096 899 1129 963 in
1159 906 1255 972 Νικη·

79 1017 193 1100 Φίρεισν.
886 1045 890 1048 ·

117 1139 166 1205 rr.
197 1140 352 1206 XLVIII:
387 1138 517 1206 καίίλου
545 1139 572 1205 δ’
601 1141 645 1214 είς
676 1140 746 1213 τοὺς
778 1140 904 1216 οἰνῶνας
933 1139 1026 1204 ίλίίιν
1057 1135 1179 1221 ὥσπερ
1211 1140 1256 1205 τα

78 1259 205 1338 κίβδηλα
245 1267 303 1326 τῶν
346 1259 542 1340 νομισμάτων
574 1262 698 1334 οίλλοῖοο
727 1258 828 1344 ἐφοίνη
859 1257 911 1324 καί
944 1257 995 1326 σδν
1026 1257 1162 1338 πόλεμον
1191 1267 1256 1332 τοῖς

77 1380 149 1452 ίδίοις
171 1383 391 1462 ἐλαττώμασιν
417 1379 559 1458 ηὔξησεν.
607 1380 710 1447 Verba
729 1397 834 1446 'sensu
856 1403 975 1461 vacua,
998 1381 1100 1448 donec
1122 1380 1257 1469 rescrip-

77 1503 159 1568 seris:
191 1539 239 1552 -
266 1499 393 1582 ίίσπερ
433 1504 491 1575 είς
532 1507 607 1582 πῦρ
640 1503 684 1568 τίν
717 1501 854 1582 κίβδηλα
889 1504 955 1568 ατί.
1015 1501 1127 1567 Fidem
1161 1501 1256 1568 faciet

79 1622 192 1710 Polybii
214 1623 303 1688 Iocus
328 1622 469 1688 XXXIII
492 1623 532 1688 ir.
559 1622 605 1689 IX
630 1625 648 1708 §
673 1628 714 1703 3,
737 1622 822 1689 unde
846 1645 901 1688 sua
923 1622 1029 1688 hausit
1051 1622 1144 1689 Diod.

118 1744 168 1810 llr.
206 1743 312 1810 XLIX
345 1743 541 1834 (XXXVIII)
568 1744 700 1835 supple:
726 1745 844 1810 κυνίδια
866 1744 962 1825 μικροὶ
987 1743 1070 1834 (μὲν)
1095 1744 1206 1825 turpat
1224 1743 1256 1808 δὲ

80 1872 143 1938 ταῖς
166 1865 301 1941 οίλκαῖς,
324 1877 356 1930 et
379 1864 489 1930 endem
517 1887 613 1954 opera
634 1865 669 1929 in
690 1864 731 1930 lr.
757 1864 819 1930 LI:
845 1859 892 1930 δτι
915 1865 987 1938 τοὺς
1009 1863 1092 1953 (μὲν)
1117 1867 1258 1939 Ἑλληνι-

79 1987 140 2059 κοὺς
170 1985 324 2064 πολέμους
347 1981 391 2059 είς
422 1985 524 2066 καιρδο
548 1986 655 2067 κρίνει,
678 1984 749 2058 τοὺς
772 1984 804 2050 δὲ
826 1985 1066 2066 Κελτιβηρικιὺς
1089 1986 1155 2052 κτέ.
1204 1983 1256 2050 cf.

80 2105 183 2192 Polyb.
198 2105 321 2172 ‚locum
345 2127 396 2194 ap.
423 2103 511 2171 Suid.
537 2106 572 2170 in
594 2103 712 2184 πίονος
736 2102 890 2184 πόλεμος,
915 2104 970 2193 qni
993 2103 1137 2170 similiter
1159 2105 1259 2170 corri-

79 2225 201 2313 gendus.
251 2225 314 2292 Sed
353 2225 517 2292 redeamus
548 2225 590 2290 ad
617 2226 657 2292 ir.
691 2224 815 2304 XLIX,
849 2225 939 2290 cuius
968 2225 1081 2290 ultime
1109 2225 1258 2316 periodus

79 2346 161 2412 laede
184 2359 334 2437 corrupta
358 2347 402 2412 sic
422 2346 588 2412 scribitur:
612 2345 664 2412 καί
689 2346 715 2411 σί
738 2345 840 2412 Ῥίδιοι
864 2345 1108 2426 διαβεβοημένην
1132 2345 1258 2429 ἔχοντες

79 2469 126 2541 riu
151 2469 182 2532 ἐν
204 2473 269 2539 τοῖς
292 2479 445 2540 ναυτικοῖς
468 2467 587 2546 circino
611 2465 764 2548 ὑπεροχίην
785 2465 843 2532 ὑπὸ
867 2465 1010 2544 μυδίοιν
1033 2467 1086 2533 καί
1111 2470 1259 2547 steya-

80 2588 158 2654 δίον
202 2594 366 2664 παντελῶς
407 2589 518 2669 μικρῶν
560 2585 739 2668 παραδόξως
778 2588 1040 2665 σνγκνιιλιύμενοι
1073 2589 1137 2654 xri.
1197 2589 1259 2653 Pro

77 2710 263 2788 εὐαηνιοδίοιν,
299 2708 340 2775 de
378 2709 475 2798 ipsius
510 2708 616 2775 nescio
655 2729 696 2773 nn
731 2698 833 2773 aliene
867 2707 1070 2786 coniectura,
1105 2706 1259 2774 Mullerns

77 2832 190 2920 recepit
216 2829 370 2906 οίιιατίυν,
402 2827 487 2918 quod
520 2827 677 2917 quomodo
705 2828 740 2894 iu
770 2827 962 2894 illudabire
983 2829 1121 2919 potnerit
1143 2829 1259 2894 frustra

77 2973 214 3039 quaeras.
247 2950 371 3016 Μνδίοον
395 2951 664 3040 interpretantur,
689 2950 779 3039 quasi
802 2950 955 3040 scriptum
978 2961 1112 3016 exstaret
1134 2973 1260 3028 μυστα-

74 3073 181 3149 mour,
204 3069 260 3136 sed
284 3093 348 3160 qno
370 3072 438 3136 iure
463 3071 523 3161 ipsi
546 3071 693 3138 viderint.
729 3069 846 3136 Μίδιον
865 3070 1055 3154 vocabulum
1075 3083 1258 3161 estprorsns

75 3191 182 3270 nihili,
219 3213 324 3280 neque
358 3191 449 3260 valde
483 3191 646 3281 probabile
681 3203 727 3256 est
762 3191 838 3257 olim
868 3192 964 3257 fuisse
988 3192 1116 3258 uarium
1139 3215 1258 3283 genus,

75 3312 152 3399 qnod
187 3334 205 3375 a
238 3313 394 3377 muribus
423 3335 540 3378 nomen
572 3283 707 3379 duxerit.
755 3311 828 3378 Nou
859 3311 988 3401 quidem
1019 3313 1129 3402 ignoro
1152 3313 1260 3380 locum

75 3431 208 3499 Pollucis
241 3431 258 3498 Ι
284 3457 292 3497 :
319 3437 382 3499 83:
415 3431 480 3499 ἔστι
506 3433 539 3499 δέ
563 3457 632 3500 τινα
656 3441 752 3500 πλοῖα
774 3433 879 3500 Λυίιια
901 3433 1060 3513 λεγόμενα
1081 3435 1183 3514 κριοί
1206 3433 1259 3500 καί

73 3575 91 3616 τ
98 3553 236 3632 patrer,
260 3553 314 3619 sed
339 3577 376 3619 ea
399 3554 524 3642 navigia
548 3553 753 3643 probabiliter
774 3551 859 3618 dicta
883 3565 956 3618 eunt
979 3552 1019 3616 ab
1042 3553 1170 3620 illorum
1190 3555 1260 3620 nni-

74 3673 203 3740 maIIum
226 3681 395 3755 προτομαῖς
415 3673 448 3738 irr
469 3695 563 3762 prore
581 3673 762 3762 exsculptis3
786 3671 993 3761 quaerendo
1012 3695 1108 3762 parra
1128 3673 1260 3740 bestiola
1287 3756 1294 3772 ·

74 3795 204 3883 eogitari
234 3794 359 3884 nequit.
409 3793 573 3860 Praeterea
602 3794 738 3859 formam
767 3792 996 3860 deminutivum
1029 3793 1175 3860 vocabuli
1199 3801 1261 3875 μῦς

74 3936 133 3980 non
155 3939 224 3984 ease
245 3915 352 3994 μύδιον
377 3913 431 3980 sed
449 3914 567 3993 μνίδιον
592 3913 640 4004 (ut
664 3937 682 3978 a
704 3915 781 3994 βοῦς
805 3914 842 3979 fit
864 3914 994 3993 βοίδιον,
1018 3915 1058 3980 ab
1082 3911 1115 3990 τίς
1139 3916 1261 4004 ὑίδιον),

75 4037 118 4100 rir
150 4049 200 4102 est
230 4034 318 4125 quod
350 4057 544 4100 moneamus.
603 4034 638 4102 Si
669 4037 739 4124 quis
769 4035 896 4114 μνίδίονν
927 4035 950 4100 l.
986 4059 1019 4101 u.
1058 4059 1166 4102 verum
1196 4061 1261 4103 esse

18 4165 19 4200 r
74 4155 211 4236 iudicat,
254 4157 370 4246 poterit
408 4155 519 4222 eodem
555 4157 623 4222 iure
662 4177 720 4246 pro
754 4157 928 4234 εὖοονωδίιον
962 4159 1113 4247 suspicari
1146 4172 1262 4239 λανςο·

18 4229 20 4356 ί
71 4277 155 4356 δίων,
189 4291 226 4346 ut
258 4275 345 4343 aliud
375 4297 482 4342 rursus
513 4278 553 4342 sit
583 4277 712 4342 narium
742 4297 854 4366 genus.
903 4277 1023 4344 Verum
1054 4291 1178 4368 praeter
1207 4277 1262 4342 lit-

18 4463 20 4500 [
72 4409 212 4465 terarum
258 4398 421 4466 fortuitam
457 4397 696 4466 similitudinem
738 4399 825 4463 omni
861 4401 1047 4465 auctoritate
1081 4397 1263 4466 huiusmodi

18 4531 19 4534 ’
70 4521 273 4588 coniecturae
317 4532 430 4608 egent,
475 4532 507 4584 et
549 4519 696 4610 equidem
738 4519 816 4584 mibi
859 4543 923 4586 nou
963 4519 1084 4608 liquere
1118 4519 1263 4586 confiteri

70 4643 166 4708 nato.

18 4789 20 4912 p
255 4855 260 4860 Ι
745 4755 746 4762 ’
1003 4761 1036 4808 13
