2990 5012
682 464 721 530 21

140 653 257 732 tentia,
282 653 361 721 haec
377 653 473 720 verba
490 653 585 720 ebore
611 653 782 721 tribuentis
807 674 871 724 non
888 655 1004 722 atentia
1022 655 1123 744 (quod
1141 656 1264 724 faciunt

140 769 261 852 codd),
295 779 333 836 ut
355 789 431 857 prae
454 768 506 836 illa
534 769 612 836 nihil
645 771 747 838 valeat
771 770 916 838 Creontis
942 770 1106 858 quaestio:
1132 778 1164 840 τί
1189 803 1262 864 ρης,

139 879 165 950 ὦ
189 897 267 951 παῖ
275 911 287 961 ,·
312 893 394 963 κτα,
427 906 491 974 qua
523 885 692 954 manifesto
725 887 937 975 compellatur
960 884 1094 953 nuntius

185 997 237 1066 Vs.
262 1002 365 1067 1302:
493 1001 582 1069 idea
610 1003 745 1070 κέλαινα
770 1004 927 1091 βλέφαρα.

141 1114 243 1182 Etiam
268 1127 341 1203 post
366 1126 491 1183 acutam
518 1114 662 1206 Seyfferti
687 1117 961 1206 disputationem,
988 1127 1142 1213 quatita
1168 1125 1263 1192 acri-

140 1231 278 1300 ticorum
315 1231 555 1320 suspicionibus
587 1231 759 1302 defendere
785 1248 926 1306 'conatus
958 1250 1024 1318 est,
1057 1239 1096 1307 de
1128 1241 1262 1308 sanitate

139 1346 210 1415 aius
239 1347 419 1436 scripturae
447 1345 621 1435 scrupulus
654 1349 731 1416 mihi
767 1363 883 1426 restat;
917 1375 981 1422 non
1022 1355 1105 1422 enim
1143 1367 1262 1444 expnto

139 1483 199 1528 eur
222 1471 316 1551 poeta
353 1473 417 1530 tarn
445 1463 583 1534 obscure
613 1465 795 1554 significare
826 1470 990 1550 maluerit,
1013 1493 1096 1561 quae
1118 1473 1211 1560 piane
1231 1484 1263 1540 et

137 1586 211 1666 apte
236 1587 361 1666 poterat
385 1578 556 1649 scribendo
579 1589 672 1668 μύει
697 1583 747 1650 vel
767 1585 904 1672 κλῄει,
932 1596 966 1652 ut
989 1585 1150 1654 coniicere
1166 1593 1263 1656 occu-

138 1691 225 1781 parit
248 1691 432 1760 Wiescler.·

185 1807 344 1874 Tanaum.
368 1827 413 1874 vs.
437 1809 519 1874 175:
540 1808 624 1877 ὥσθ’
646 1812 778 1894 ἡδέως
803 1813 1012 1881 ιὺδοωσαα
1038 1817 1183 1899 ἐκπηδᾶν
1209 1821 1260 1900 ἐμὲ

542 1929 645 2012 φόβῳ,
670 1925 775 2007 φίλαι.
804 1933 988 2016 ταρβοῦσαν
1013 1936 1079 1996 ιιτὲ.

184 2036 337 2106 Naturam
363 2038 535 2107 humanam
555 2039 670 2107 melios
686 2051 819 2131 nouerat
843 2040 1019 2130 Sophocles
1043 2064 1140 2132 quam
1166 2058 1201 2114 ut
1218 2047 1261 2115 ita

137 2154 179 2221 de
196 2175 230 2222 se
245 2155 433 2242 loquentem
449 2155 642 2223 inducturus
655 2156 771 2224 fuisset
788 2153 955 2224 mulierem
972 2161 1022 2226 αἰεί
1035 2163 1097 2229 τιν’
1109 2166 1144 2228 ἐκ
1157 2169 1262 2249 φόβου

135 2277 238 2359 φόβον
263 2277 444 2358 τρέφουσαν
469 2271 584 2338 marito
608 2277 906 2359 προκηραίαοωσαι,
933 2281 969 2340 ut
992 2272 1034 2340 eil
1060 2295 1105 2341 vs.
1129 2278 1171 2342 29
1189 2297 1260 2364 sqq.

136 2385 292 2465 Quocirca
328 2384 467 2452 conieci:
504 2389 576 2454 ὥστ’
600 2389 755 2464 εὐθέως
792 2390 1022 2466 addonem,
1049 2397 1085 2456 nt
1112 2391 1259 2478 primum

134 2521 266 2567 somnus
293 2501 473 2590 mercipit,
499 2501 519 2567 i.
545 2523 562 2568 e
598 2502 655 2568 aia
678 2503 888 2588 consopitam.
914 2501 957 2570 ct.
982 2502 1070 2570 dioc.
1096 2505 1170 2572 762.

179 2614 231 2682 Vs.
257 2620 335 2682 227:
387 2623 510 2706 paripate
535 2619 576 2685 δὲ
601 2625 658 2686 τὸν
683 2633 806 2706 κη’ρυκα
830 2620 1023 2705 προύννέπω
1047 2629 1113 2688 ιιτὲ.

181 2730 264 2798 llaec
295 2731 339 2798 ait
367 2731 512 2800 Deianira
540 2753 556 2798 a
583 2732 682 2800 choro
706 2731 814 2798 subito
843 2752 996 2799 conversa
1021 2733 1060 2800 ad
1087 2735 1258 2816 nuntium;

135 2867 235 2935 qttttre
261 2845 388 2913 malim:
416 2851 540 2935 χαίρειν
568 2853 607 2914 σι’
632 2853 688 2915 τόν
714 2857 834 2931 κήρυκα
860 2855 925 2914 κτὲ.

181 2961 233 3027 Vs.
259 2965 320 3026 371
348 2982 414 3050 sq.:
440 2969 494 3028 nai
519 2973 623 3030 ταῦτα
647 2963 761 3030 πολλοὶ
786 2968 864 3047 πρὸς
887 2965 965 3050 μέσῃ
983 2971 1170 3054 Τραχινίων

436 3083 537 3164 α’χορᾲ
562 3081 776 3161 συνιξήιιοαον
801 3085 997 3160 ὡσαύτως
1021 3086 1100 3166 ἐμοί.

181 3193 253 3260 Posi
283 3207 386 3262 ταῦτα
414 3231 457 3242 -
485 3197 700 3276 συνεξήκουαα
734 3191 898 3259 abundare
933 3193 1059 3261 videtur
1090 3202 1257 3276 ὡσαύτως,

136 3329 209 3376 nam
234 3317 350 3397 Sponte
374 3319 507 3397 apparet
535 3305 592 3394 qui
616 3310 821 3386 συνεξακοῦιι
838 3313 905 3376 τινί
929 3328 1003 3374 eum
1023 3317 1172 3387 dicacitate
1190 3315 1259 3390 ἐξα-

136 3431 255 3492 κούειν.
303 3422 455 3512 Suspicor
479 3428 650 3508 cipriane,
679 3422 765 3489 unde
790 3421 931 3510 primum
961 3427 1113 3503 αὕτως,
1140 3424 1258 3492 deinde

135 3538 262 3605 labente
287 3549 390 3606 metro
425 3544 620 3614 ώσαιίτως
653 3535 770 3603 iactum
804 3557 887 3604 esse.
936 3536 1130 3605 adverbium
1155 3546 1258 3608 aicad-

136 3683 196 3732 τως
224 3673 289 3720 non
317 3653 434 3741 iegitur
467 3653 552 3740 apud
589 3650 727 3738 tragicos
760 3651 822 3718 nisi
855 3652 887 3720 in
919 3653 986 3741 lpb.
1020 3653 1053 3718 Τ.
1084 3653 1256 3740 catapan

137 3765 339 3856 Euripidem,
365 3767 457 3834 euius
482 3767 589 3854 lingua
613 3767 747 3856 propius
772 3767 914 3834 acccedit
933 3768 972 3834 ad
998 3789 1181 3834 sermonem
1202 3789 1257 3856 po-

137 3884 281 3972 pularem
316 3905 412 3971 qoam
444 3883 641 3972 reliquorum
667 3883 862 3971 tragicorum
887 3883 1053 3951 dialectos.
1101 3884 1254 3952 Vocabrdi

135 4004 264 4085 ἀρτίως,
302 4000 388 4087 quod
422 4019 584 4086 nusquam
608 3999 704 4065 babet
731 3999 907 4086 Aeschylus
935 4000 1001 4086 (qui
1031 4001 1129 4067 semel
1148 4006 1255 4086 ἄρτι),

136 4113 220 4202 apud
246 4113 437 4203 Sophoclem
462 4123 493 4180 et
519 4112 703 4202 Euripidem
728 4135 808 4182 usus
832 4125 881 4182 est
904 4113 1195 4202 frequentissimus.

181 4228 233 4298 Vs.
252 4232 326 4296 645.
354 4229 539 4296 Plenissime
557 4228 716 4296 assentior
728 4229 914 4297 Biomtieldo
927 4229 960 4296 in
974 4229 1076 4298 Gloss.
1089 4229 1128 4295 ad
1142 4229 1256 4295 Aesch.

136 4345 222 4432 Sept.
247 4365 290 4410 us.
323 4349 362 4409 31
397 4355 507 4412 σοῦται
538 4343 713 4430 corrigenti
737 4364 796 4431 pro
826 4357 955 4424 σιῐιται,
983 4347 1070 4433 qnod
1097 4343 1256 4412 Graecum

137 4479 201 4525 non
233 4469 282 4524 est
341 4456 417 4523 Nam
453 4456 607 4526 Praesens
633 4456 721 4525 verbi
745 4469 874 4545 στύομαι
898 4480 1062 4554 syncopen
1087 4459 1256 4531 admittere

137 4575 225 4646 baud
251 4572 340 4644 facile
364 4571 563 4667 probabitur.
622 4647 631 4664 χ
