2990 5012
773 427 815 486 46

275 625 309 684 τὸ
334 627 487 704 ποτηριόν
510 645 563 701 μοι
591 624 625 684 τὸ
650 620 734 701 μέγα
758 623 930 703 προσφέρει
957 621 1080 705 λαβὼν.

276 741 454 822 ἐπεχεάμην
480 731 515 818 (l.
539 737 737 822 ὑπεηεάμην)
762 741 907 818 ἄκρατον
931 737 1001 821 oripi
1026 735 1199 810 nundinor,

276 853 420 922 κυαδοδς
448 857 535 914 θεῶν
561 875 592 914 τε
618 855 671 914 καί
698 857 843 916 θεαινῶν
869 855 1013 933 μυρίους·

277 961 396 1030 ἔπειτ’
413 969 475 1028 ἐπὶ
497 969 651 1041 τούτοις
678 976 771 1030 πᾶσι
797 979 860 1047 τῆς
881 978 1019 1050 σεμνῆς
1046 975 1138 1038 θεᾶς
1154 962 1190 1047 (Ι.
1211 963 1303 1040 θεοῦ)

278 1085 342 1144 καί
369 1090 433 1144 τοῦ
458 1078 708 1159 γλυκυτάτου
733 1081 920 1167 βασιλέως
945 1081 1160 1164 διμοιρίαν.

279 1193 321 1259 Es
347 1191 475 1260 duobus
501 1191 621 1260 ultimis
640 1193 786 1262 versibus
809 1193 878 1260 sine
899 1191 1115 1261 controversia
1134 1189 1216 1258 effici
1235 1199 1358 1278 potest,

233 1330 297 1376 non
323 1307 467 1397 potuisse
500 1307 577 1374 haec
603 1307 698 1374 scribi
723 1309 762 1376 ah
792 1307 983 1396 Antiphane.
1034 1307 1157 1374 Etenim
1183 1304 1356 1394 quisunt,

233 1443 315 1513 quos
341 1433 434 1511 poeta
459 1422 489 1488 h.
516 1423 533 1487 Ι.
559 1435 652 1488 vocat
676 1433 733 1508 τὴν
760 1433 877 1510 σεμνὴν
907 1435 983 1492 ceo»
1009 1433 1042 1488 et
1071 1432 1126 1491 τὸν
1151 1424 1359 1505 γλυκύτατον

232 1539 394 1628 panthea?
442 1537 512 1603 Non
537 1549 626 1616 sunt,
655 1547 689 1603 ut
712 1537 861 1616 arbitror,
888 1557 980 1624 reges
1002 1535 1175 1625 Antiphani
1192 1535 1359 1624 aequaleS,

233 1673 339 1740 neque
372 1651 536 1741 Philippus
569 1664 600 1718 et
632 1651 792 1742 Olympias
822 1673 927 1741 neque
961 1654 1138 1720 Alexander
1162 1666 1193 1719 et
1219 1653 1358 1720 Roxane.

235 1767 312 1834 Nam
337 1765 412 1834 ticet
436 1767 496 1834 iam
530 1767 580 1833 itia
605 1777 709 1834 aetate
741 1769 955 1837 Athenienses
982 1769 1061 1836 hene
1086 1768 1177 1835 multi
1202 1767 1358 1856 gliscente

234 1882 470 1970 corruptelam
493 1885 635 1950 παλαιὸν
652 1893 800 1970 φρόνημα
814 1884 1057 1972 deposuissent,
1082 1885 1225 1950 nondum
1252 1895 1358 1949 tamen

234 1996 387 2086 pristinae
411 1997 532 2084 gloriae
556 2009 587 2063 et
611 1997 841 2084 magnitudinis
858 2006 889 2066 οἱ
905 2002 1164 2084 διαξιφιοάμινοί
1188 2027 1266 2065 ποτε
1291 2009 1358 2075 τοῖς

235 2117 363 2198 Μήδοις
387 2121 459 2198 περὶ
485 2127 540 2196 τῆς
567 2123 670 2202 χώρας
696 2123 888 2198 Μαραθῶνι
911 2113 953 2180 ita
979 2115 1109 2180 suerunt
1133 2113 1355 2186 immemores,

234 2239 270 2296 ut
294 2227 326 2294 in
345 2249 440 2296 scena
464 2240 527 2294 tam
545 2227 687 2296 abiectae
712 2229 905 2298 adulationis
923 2231 1087 2319 specimen
1112 2228 1254 2297 exhiberi
1272 2227 1358 2316 passi

236 2343 379 2410 tuissent.
429 2343 600 2410 Recentior
624 2343 682 2410 tuit
705 2355 807 2422 actm,
834 2367 895 2432 qua
922 2345 1038 2413 cecinit
1063 2345 1223 2434 Diphilus:

325 2473 382 2528 νῦν
408 2463 442 2526 δὲ
466 2467 520 2526 καί
547 2466 680 2548 καχεξία
706 2491 753 2538 τις
776 2465 955 2530 ὑποδέδυκε
981 2469 1052 2540 τούς
1076 2465 1209 2550 ὄχλους,

324 2581 358 2642 αί
376 2579 492 2660 κρίσεις
511 2585 544 2640 θ’
564 2585 652 2658 η’μάιν
681 2591 805 2646 νοσοῦσι
829 2585 882 2642 καί
906 2585 941 2644 τὸ
966 2589 1043 2662 πρὸς
1066 2591 1158 2666 χάριν
1183 2579 1276 2644 πολεῖ.

280 2688 345 2756 h'isi
369 2699 478 2754 autem
504 2709 554 2754 me
579 2690 685 2756 omnia
710 2691 840 2770 fatiunt,
865 2700 882 2758 o'
904 2697 1104 2774 γλυκυιοιος
1125 2695 1359 2780 βασιλεύουσα

235 2815 284 2870 est
315 2804 396 2870 elius
429 2823 524 2890 quam
558 2805 739 2891 Antigonus
764 2827 870 2893 neque
899 2817 1034 2892 ηὀιμνὴ
1062 2813 1134 2886 θεὸς
1162 2805 1285 2874 diversa
1318 2805 1359 2872 ab

235 2919 305 2986 eius
328 2940 426 2987 uxore
452 2919 555 3000 Phila,
580 2941 664 3007 quae
680 2919 740 2987 suit
757 2921 908 2988 Demetrii
934 2937 988 2991 roo
1013 2923 1228 3008 πολιορκητοῦ
1245 2933 1358 2990 rnater.

236 3040 413 3108 Audiamus
449 3041 649 3108 Athenaeum
683 3062 713 3128 p.
751 3045 813 3108 255
847 3039 879 3108 C.
906 3040 950 3108 sie
985 3039 1194 3108 scribentem:
1229 3050 1294 3109 τῶν
1323 3042 1357 3106 δὲ

236 3163 422 3244 Δημητρίου
452 3170 507 3225 τοῦ
531 3159 688 3243 βασιλέως
721 3159 866 3226 κολάκων
896 3164 926 3223 oi
953 3163 1025 3242 περί
1056 3154 1278 3238 Ἀδείμαντον
1303 3159 1358 3222 τὸν

235 3279 466 3359 Λαμψακηνὸν
494 3277 575 3340 νεὼν
602 3284 920 3356 κατασκευασάμενοι
951 3277 1005 3337 καί
1033 3271 1206 3354 ἀγάλματα
1233 3271 1361 3354 ἱδρυσά-

233 3415 324 3470 μενοι
360 3391 494 3470 Θριῆσιν
528 3395 701 3470 ὠνόμασαν
727 3387 833 3462 Φίλας
862 3387 1063 3470 Ἀφροδίτης
1090 3391 1144 3450 καί
1177 3389 1233 3450 τὸν
1259 3391 1358 3449 τόπον

235 3503 376 3570 Φιλαῖον
400 3503 555 3568 ἐκάλεσαν
573 3505 638 3568 οίπὸ
661 3511 714 3584 τῆς
741 3506 930 3587 Δημητρίου
949 3507 1068 3586 μητρὸς
1086 3500 1203 3574 Φίλας,
1225 3499 1267 3574 ὡς
1285 3521 1359 3582 φησι

236 3625 406 3696 Διονύσιος
434 3623 451 3683 o'
480 3631 534 3684 τοῦ
565 3625 738 3702 Τρύφωνος
769 3625 803 3683 ἐν
829 3627 872 3700 τῷ
903 3617 1027 3701 δεκάτῳ
1058 3621 1129 3701 περί
1159 3619 1359 3696 Ὀνομάτων.

236 3729 310 3797 Post
341 3731 421 3800 haee
453 3751 549 3798 nemo
581 3730 751 3798 mirabitur
784 3730 815 3797 in
848 3732 1028 3818 fragmento
1064 3729 1152 3817 quod
1186 3735 1360 3794 tractamus

236 3845 363 3913 misceri
389 3848 503 3934 poeula
528 3845 560 3913 in
584 3847 740 3913 honorem
758 3867 859 3913 norae
883 3845 967 3913 iltius
989 3846 1067 3949 deae
1088 3843 1225 3929 eiusque
1250 3838 1361 3908 coniu-

236 3961 301 4048 gis,
328 3983 424 4051 quem
451 3985 574 4031 morem
599 3963 820 4031 introductum
846 3963 878 4030 in
904 3962 1046 4030 conuiuia
1071 3959 1187 4027 melius
1211 3957 1306 4025 etiam
1323 3955 1360 4023 it-

236 4077 373 4143 lustrant
398 4077 493 4144 verba
519 4079 677 4144 Auoxrors
702 4100 719 4144 e
745 4077 1011 4164 Phormocopeln
1042 4099 1066 4142 s.
1098 4073 1244 4142 Cretaeo
1274 4073 1359 4162 apud

238 4189 435 4257 Athenaeum
462 4191 499 4256 vt
525 4213 554 4279 p.
582 4197 646 4260 254
672 4196 723 4259 A.:

524 4319 585 4373 παῖ
613 4319 670 4392 τὴν
694 4311 837 4394 μεγάλην
865 4311 932 4385 dog,
955 4311 1094 4394 ὑποχέας

329 4420 438 4499 φιλίας
463 4432 607 4498 κυάθους
626 4431 685 4505 μὲν
711 4435 776 4492 τῶν
802 4433 972 4511 παρόντων
998 4425 1172 4508 τέτταρας,

331 4537 508 4616 resisterit·
533 4532 561 4598 δ’
587 4539 702 4622 ἔρωτος
725 4541 989 4625 προσαποδώσεις
1013 4543 1157 4627 ὕστερον·
