2968 5014
815 377 879 442 120

330 541 386 609 Vs.
412 545 499 610 269:
522 541 607 629 λέγει
627 567 677 620 τις
698 540 763 628 εἷς,
784 541 827 622 ὃς
846 543 969 625 πάντας
988 551 1021 627 ἐς
1041 551 1144 620 πέδον
1162 548 1242 640 κάρα

522 659 631 724 νεῦσαι
650 651 749 746 φόβῳ
771 651 992 750 προῦτρεψεν,

287 767 417 834 Malim:
438 763 458 834 ii
479 761 604 844 πάντας
622 767 686 834 nst.

331 883 380 948 Vs.
407 884 488 951 313:
510 882 545 950 ἐκ
565 881 629 946 τῶν
649 877 711 970 γαρ
728 879 871 971 αι’σχριιῖν
891 875 1065 970 λημμάτων
1085 881 1183 960 τούς
1202 886 1351 962 πλείονας

514 987 698 1076 ἀτωμένους
717 994 828 1070 ἴδοις
846 987 886 1060 ἂν
903 988 925 1084 ἢ
945 995 1177 1082 σεσωσμένους.

287 1108 430 1174 Fortasse
449 1129 512 1184 τις
533 1131 589 1195 pro
610 1101 707 1184 τούς
728 1114 759 1174 et
778 1131 822 1174 νε.
845 1129 891 1194 sq.
915 1103 1037 1177 teon‘
1055 1108 1093 1178 ἄν
1111 1131 1167 1198 pro
1190 1103 1325 1185 λδοιςᾶν
1343 1110 1408 1176 snb·

289 1221 505 1300 stituendum;
534 1245 603 1288 nam
636 1223 787 1289 articulus
811 1221 848 1288 nd
868 1221 1021 1298 πλείονας
1041 1224 1074 1288 in
1093 1223 1152 1289 hae
1173 1225 1326 1289 mutantia
1342 1225 1408 1290 ferri
1470 1289 1471 1306 ¹

287 1337 413 1400 omnino
439 1337 557 1420 nequit.
1470 1335 1471 1338 ’

331 1450 388 1517 Vs
411 1453 478 1516 413
506 1475 567 1536 sq.:
582 1449 689 1540 ἐγερτὶ
706 1452 800 1516 κινῶν
816 1449 880 1520 nst.
911 1451 1038 1532 Vereor,
1053 1475 1093 1519 ne
1113 1459 1184 1520 ante
1194 1451 1251 1518 hos
1270 1475 1341 1531 ves,
1359 1454 1409 1538 qni

290 1565 369 1630 male
393 1563 575 1632 cohaereant
598 1591 667 1634 enm
691 1567 895 1654 praegressis,
918 1565 1037 1654 aliquid
1061 1568 1219 1634 aooidarit

332 1678 389 1746 Vs
429 1685 510 1746 443:
543 1675 637 1750 κούκ
666 1671 873 1767 οἶπαρνοῦμαι
892 1674 936 1748 τό
961 1673 1020 1771 μή.
1053 1683 1265 1748 Grammatico
1299 1681 1412 1747 Graeca

287 1794 442 1883 postulat:
464 1787 509 1860 τό
529 1788 580 1882 μή
599 1785 654 1860 ον’.
685 1794 821 1860 usurarii
846 1817 950 1882 saepe,
986 1819 1049 1862 non
1078 1797 1241 1864 intellecto
1267 1797 1416 1881 syninesi,
1471 1838 1472 1892 ρ

291 1912 324 1975 in
349 1907 500 1975 eiusmodi
528 1909 692 1974 sententiis
715 1909 844 1974 omisere
873 1913 1079 1978 neeessarinm
1106 1905 1154 1980 οὕ.
1181 1912 1318 1979 Felieius
1350 1931 1416 1977 eva·
1471 1895 1472 1974 i

290 2025 333 2091 sit
354 2047 397 2089 rs.
420 2027 507 2090 544:
529 2014 573 2114 μή
594 2047 648 2090 τοι
666 2019 698 2108 μ’
717 2013 875 2110 ἀτιμάσῃς
893 2018 937 2090 το
958 2020 1009 2112 μή
1029 2019 1074 2092 ου’
1092 2027 1156 2093 ssi.

336 2139 394 2206 Vs.
418 2143 500 2204 565:
522 2131 579 2202 ὅθ’
597 2134 687 2202 εἵλου
706 2126 762 2198 οὐν
779 2139 889 2210 κοντοῖς
909 2127 1070 2224 πράσσειν
1084 2128 1186 2204 κακά
1209 2138 1231 2202 i.
1255 2159 1281 2203 e.
1301 2139 1420 2225 quande

290 2275 357 2320 eam
386 2255 478 2318 matis
500 2253 583 2318 ιιιολα
600 2258 729 2335 μαλιστα
747 2251 949 2332 praeoptasti
971 2251 1071 2316 Creon
1092 2251 1220 2338 pulchre
1242 2254 1305 2318 iam
1327 2251 1420 2318 intel-

292 2367 408 2434 lexerat
428 2371 584 2433 insontem
606 2387 672 2430 esse
694 2365 852 2440 Iomanem
883 2386 975 2450 quaro
998 2365 1070 2431 vide
1097 2389 1136 2432 an
1159 2368 1264 2455 potins
1283 2367 1421 2433 seriben-

293 2483 365 2548 dum
391 2474 549 2570 πράσσειν
577 2477 708 2554 κακῶς
727 2480 749 2543 i.
775 2501 800 2544 e.
823 2480 940 2567 infolio
970 2503 1042 2546 esse.
1073 2483 1124 2546 Ita
1157 2503 1279 2568 quoquo
1313 2481 1423 2547 malim

294 2599 370 2666 haro
387 2595 642 2682 respondentis,
665 2615 742 2679 qnae
754 2594 1007 2660 dixerat-Ismene
1021 2617 1065 2661 vs.
1078 2597 1142 2662 563
1155 2619 1219 2684 sq.‚
1241 2596 1279 2662 el.
1290 2619 1333 2664 ss.
1347 2597 1425 2662 567.

339 2713 395 2779 Vs.
419 2712 503 2778 578:
855 2695 891 2772 εὖ
911 2707 949 2774 δὲ
963 2700 1060 2784 τᾶςδε
1075 2703 1138 2798 χρῆ

531 2825 680 2907 γυναῖκας
699 2809 810 2884 εἶλαι
828 2809 904 2906 μηδ’
925 2811 1091 2904 ἀνειμένας
1107 2819 1171 2886 ἐᾶν.

290 2938 388 3006 Godd.
409 2928 614 3020 etiamnum
637 2935 682 2998 ita
710 2931 845 2998 correxit
869 2931 1072 3016 Dindorfins;
1107 2933 1217 3000 dubito
1248 2938 1354 2998 tamen
1386 2953 1426 2996 an
1472 2939 1473 2960 ¹

290 3059 373 3121 reete
403 3052 531 3117 feeerit:
561 3071 631 3114 nam
663 3049 763 3134 primo
792 3046 917 3112 verbnm
949 3048 1048 3116 ἴλλειν
1079 3071 1230 3136 nusquam
1264 3049 1428 3138 significat

291 3169 462 3243 αιτλοιλίτε,
483 3187 559 3252 quae
583 3165 672 3230 notio
694 3162 724 3228 h.
743 3163 766 3226 l.
786 3163 972 3248 requiritur,
993 3163 1105 3229 deinde
1126 3164 1219 3230 huius
1241 3164 1328 3231 verbi
1351 3167 1426 3228 Aor.

294 3290 312 3352 1
334 3282 415 3371 apud
429 3282 554 3347 Atticos
578 3280 720 3364 qnidam,
738 3277 941 3363 quodaoiam,
963 3299 1113 3367 nusquam
1139 3285 1316 3366 comparet,
1345 3277 1430 3365 apud

290 3400 463 3467 Homerum
486 3403 533 3460 est
556 3393 646 3464 ἔλσαι
667 3417 691 3459 s.
713 3392 821 3461 ἐέλσαι
851 3412 924 3458 oum
953 3393 1044 3460 litera
1066 3397 1202 3464 Aeolion
1237 3395 1298 3462 His
1330 3396 1431 3460 ratio-

291 3516 385 3582 nibus
408 3519 508 3578 motus
533 3510 741 3597 reponendum
765 3513 857 3595 puto:
876 3511 1025 3595 γυναῖκας
1043 3501 1178 3598 εἶρξαι
1194 3507 1259 3576 νιτὲ.
1282 3510 1332 3576 cf.
1359 3532 1388 3575 v.
1404 3530 1431 3571 o.

292 3633 400 3718 Eurip.
425 3628 495 3694 Hel.
520 3628 594 3693 288.

335 3747 392 3815 Vs.
404 3748 487 3812 ito:
510 3741 642 3832 φορβῆς
661 3740 831 3819 τοσοῦτον,
851 3729 897 3813 ὥς
916 3727 996 3820 ι’ἒγος
1013 3726 1155 3820 μόνον,
1176 3736 1342 3827 προθείς,

508 3849 600 3929 ὃπως
619 3849 746 3935 μίασμα
764 3845 857 3916 πᾶσ’
875 3839 1048 3938 tummim
1068 3840 1174 3926 πόλις.

293 3975 355 4042 Pro
376 3967 455 4038 πᾶσ’
472 3969 582 4036 melius
618 3965 768 4032 scribetur
794 3965 869 4030 πᾶν.
902 3963 989 4036 Quid
1011 3985 1067 4050 pro
1085 3953 1203 4048 μόνον,
1224 3961 1307 4052 quod
1337 3981 1433 4028 voea-

292 4087 399 4155 bulnm
419 4087 549 4152 sortasse
568 4105 668 4150 errore
687 4082 749 4146 hno
770 4079 893 4144 illatum
916 4083 963 4144 est
985 4100 1023 4143 ex
1044 4101 1088 4144 va.
1112 4081 1197 4158 777,
1217 4076 1433 4166 reponendum

293 4205 352 4281 sit,
375 4203 500 4268 videant
519 4200 582 4266 alii.
600 4197 680 4265 Mihi
704 4219 767 4262 non
787 4193 966 4281 displieeret
985 4185 1032 4268 αῖς
1059 4183 1138 4278 ἄγος
1166 4185 1218 4280 μή
1246 4187 1379 4270 εἶναι,
1407 4189 1432 4252 si

295 4341 347 4404 per
369 4317 522 4402 synizesin
544 4316 619 4382 haee
647 4313 773 4400 proferri
796 4333 885 4398 posse
907 4311 983 4374 satis
1004 4307 1080 4373 mihi
1101 4312 1264 4372 constaret.
