2946 5014
617 413 658 478 25

75 590 151 660 duca
171 591 324 659 sententia
349 591 454 658 statim
480 591 668 680 corrigebam
693 581 834 682 ἡδίστην,
861 589 1008 679 ignorans
1033 609 1097 684 eam
1111 585 1208 672 ipsam

72 711 234 778 lectionem
258 715 378 776 exstare
399 709 431 774 in
461 707 517 774 aod
542 709 578 776 B.
605 709 738 776 Stobaei.

117 941 189 1006 Non
220 939 376 1028 illepidam
409 938 564 1005 nobismet
593 937 671 1026 ipsis
697 937 883 1004 medicinam
908 937 1101 1024 excogitasse
1124 935 1208 1000 vidc-

74 1082 155 1136 mur,
178 1079 238 1143 qua
261 1057 326 1123 vita
342 1061 374 1122 et
389 1055 472 1121 salus
487 1055 635 1120 reddatur
656 1048 782 1146 (λήσειε
802 1053 966 1142 Sophoclis
986 1055 1147 1141 Τανιμνύιλο
1163 1075 1209 1140 ap.

73 1173 184 1240 Athen.
207 1173 266 1252 IV,
286 1197 314 1261 p.
340 1177 402 1238 1⁷5
420 1173 469 1252 u,
493 1173 529 1238 de
553 1194 613 1258 qua
634 1170 823 1237 emendanda
845 1172 905 1237 iam
931 1169 1132 1259 desperarunt
1150 1169 1208 1236 viri

73 1290 168 1357 docti.
190 1291 273 1357 Eece
291 1289 385 1356 lectio
410 1287 528 1355 codicis
551 1291 597 1354 A:

177 1405 293 1488 οἴχωκε
310 1396 373 1492 γαρ
401 1395 541 1492 κροτητὰ
556 1401 720 1490 πηκτίδων
737 1399 819 1490 μέλη

177 1507 260 1605 λύρα
278 1506 452 1597 μοναύλοις
471 1535 711 1600 τεχειμωντεοις
735 1538 810 1592 ναος
834 1512 980 1604 στέρημα
999 1502 1212 1602 κωμαούσης,

71 1637 102 1697 et
114 1632 162 1697 sic
179 1630 304 1716 reliqui,
325 1631 386 1696 nisi
409 1629 491 1716 quod
509 1631 542 1694 in
567 1651 611 1694 ms
628 1629 711 1716 lupia.
724 1634 771 1695 cst
781 1621 939 1717 μόναυλοί
957 1653 1002 1698 τε.
1020 1629 1213 1696 Praeceduut

72 1754 175 1814 autem
199 1747 278 1836 apud
303 1747 497 1812 Athenaeum
523 1745 613 1811 verba
639 1745 730 1812 haec:
756 1747 815 1813 τού
839 1743 876 1813 δὲ
902 1734 1066 1828 μοναύλου
1093 1765 1205 1832 μνημο-

70 1866 158 1928 νεύει
178 1862 348 1953 Σοφοκλῆς
372 1861 431 1948 μὲν
461 1859 493 1928 ἐν
519 1852 658 1952 Θαμύρᾳ
685 1861 720 1950 (l.
745 1850 908 1951 Θαμύριδι
932 1881 1001 1924 cum
1026 1856 1213 1945 Schweigh.)

72 1996 190 2050 ουτως.

116 2088 170 2156 Nc
191 2088 304 2176 longus
324 2088 397 2166 sim,
416 2087 519 2155 locum
536 2091 582 2156 sic
599 2091 720 2157 restitui
740 2113 827 2179 posse
843 2090 993 2169 arbitror,
1010 2093 1045 2154 ut
1061 2087 1214 2178 legamus:

220 2191 365 2312 ῩΩιχιοκι
384 2196 446 2292 μύρ
466 2197 607 2293 κροτητὰ
623 2203 788 2294 πηκτίδων
798 2202 896 2296 μέλη,

229 2306 356 2403 Λύρα,
374 2306 562 2400 μόναυλοί
583 2307 633 2398 δ’,
674 2308 743 2393 ciis
758 2309 870 2406 τύχη,
891 2307 1037 2402 χειμιδν
1055 2306 1162 2391 ὅπως

231 2423 322 2504 ναδς
341 2426 526 2516 τέραμνα,
547 2411 742 2512 κωμύσαο’
760 2421 1018 2519 (nicticoracem

118 2544 192 2630 lpsa
225 2525 423 2627 Thamyridis
457 2544 533 2609 victi
558 2566 575 2608 a
599 2543 700 2609 Musis
726 2543 815 2610 verba
838 2565 903 2609 csse
927 2545 1074 2610 videntur
1096 2541 1213 2607 lamen·

70 2659 172 2724 tantis
210 2658 248 2724 de
281 2681 387 2746 aspera
419 2681 473 2724 saa
504 2661 668 2726 sorbelli.
694 2659 787 2725 Hom.
809 2659 848 2727 Il.
870 2661 898 2726 B
920 2664 1002 2725 599:

221 2771 270 2840 At
287 2771 324 2838 δὲ
340 2764 559 2857 χολωσάμενοι
577 2767 684 2864 πηρδν
703 2771 818 2854 θέσαν,
837 2765 940 2862 αύτοῗρ
961 2765 1074 2862 dorchia·

223 2885 399 2974 θεσπεσίην
414 2877 590 2974 daethano
606 2885 660 2953 καὶ
681 2880 858 2953 ἐκλέλαθον
875 2875 1074 2974 κιθαριστύν.

68 2997 273 3065 Exclamavit
292 3000 409 3088 igitar:

210 3115 379 3182 Perierunt
403 3117 484 3182 ιιιύιι
506 3117 666 3183 modulatu
684 3117 844 3201 parotidum
863 3117 1017 3192 carmina,

213 3233 298 3318 tyro,
320 3233 535 3320 musculique,
558 3255 633 3320 quoa
645 3235 801 3319 Ῑονλιιιια,
827 3255 883 3297 cao
905 3232 1001 3296 λίινιι

209 3349 331 3434 maioli
350 3349 487 3426 tubulas,
501 3349 683 3434 furibmada
697 3349 828 3434 saucit!

112 3463 213 3537 Quod
238 3463 276 3528 ad
304 3462 428 3530 verbum
452 3458 615 3546 κωμάζειν
637 3463 769 3542 attinet,
799 3485 861 3528 non
886 3461 964 3528 mala
992 3460 1218 3549 comparabitur

65 3580 240 3666 Euripidis
263 3578 351 3646 locus
373 3580 407 3644 in
431 3581 548 3645 Ρλοιιι.
572 3583 654 3645 355:

380 3686 506 3763 ’Όλοιτο
521 3682 604 3760 τύδ’·
624 3693 690 3759 εἴτε
711 3690 856 3780 σίδαρος,

387 3797 447 3872 εἴτ’
471 3800 556 3892 ἔρις,
576 3805 645 3872 εἴτε
660 3799 768 3893 πατήρ
791 3795 811 3870 δ
834 3796 907 3883 ode,

387 3917 455 3983 athe
474 3910 513 3985 τύ
531 3909 696 4002 δαιμόνιον
712 3906 921 4000 κατεκώμασε

388 4020 535 4114 δώμασιν
558 4029 730 4100 Οἰδίποδα.

109 4148 275 4218 Similiter
297 4143 421 4210 verbum
450 4133 665 4228 ἐπαιωμύζειν
687 4145 725 4208 δι
740 4145 871 4210 adversa
883 4144 1022 4230 fortuna
1041 4142 1222 4228 petulanter

62 4267 212 4336 irruenti
233 4259 352 4364 thracae
374 4257 513 4325 adhiberi
537 4263 650 4346 potest.
