2944 5002
656 347 695 408 19

89 529 240 612 ιεννμὲνην
261 533 419 606 catalecta
439 534 495 608 τὴν
512 532 608 617 Φύσιν
625 530 731 615 ἔχουσι
752 533 817 600 κτὲ.
866 533 939 600 l’ost
958 534 1043 602 enirn
1063 533 1264 623 participium

17 657 18 682 l
90 651 338 736 conparandam
360 653 507 720 voculam
529 657 652 733 μᾶλλον
678 653 827 720 excidisse
851 677 959 722 sensus
982 655 1110 722 evincit.

126 773 162 840 br
194 773 333 840 mundo
367 773 515 854 oraculo,
548 773 634 864 quod
667 775 819 864 Myscella
849 774 959 842 datum
984 789 1029 842 est
1052 775 1093 842 ab
1118 773 1264 866 Apolline

17 971 19 984 q
91 894 135 979 lia.
164 893 236 982 XX)
268 907 340 985 post
369 895 509 962 virorum
536 893 703 962 doctorum
727 917 817 962 ouras
840 893 904 962 duo
928 907 1046 962 restant
1066 897 1142 962 vitia
1166 899 1264 964 corri-

90 1013 189 1103 genda.
240 1015 383 1102 Quorum
407 1016 542 1082 alterum
566 1015 669 1082 estin
692 1037 737 1082 rs.
765 1019 805 1082 2:

208 1132 296 1212 οὗτος
315 1139 377 1217 μὲν
396 1136 522 1221 Trispeda
545 1160 591 1204 ror
614 1137 775 1218 ἀνήροτος,
798 1135 850 1215 ἥδε
874 1134 906 1202 δὲ
930 1136 1063 1210 Χαλκίς.

125 1257 199 1342 Quia
228 1258 315 1324 enim
342 1258 423 1324 ferat
445 1279 563 1325 nomen
586 1258 763 1324 incolarum
787 1255 912 1341 Τάφνος
934 1281 992 1346 pro
1016 1259 1144 1324 nomine
1167 1258 1264 1348 ipsius

90 1376 197 1445 insulae
224 1381 383 1468 positum,
408 1401 504 1472 quam
526 1377 641 1462 Τέφνς
665 1379 774 1446 audire
797 1401 891 1446 uerno
915 1381 1040 1446 nescit?
1073 1380 1115 1446 Et
1137 1377 1208 1459 lae,
1232 1379 1264 1445 id

91 1499 163 1588 quod
188 1501 322 1568 minime
355 1514 402 1568 est
425 1499 613 1592 probabile,
638 1499 786 1590 Pythiam
806 1499 913 1566 divino
936 1515 1113 1591 correptam
1136 1501 1262 1580 iurare,

91 1619 126 1685 sic
152 1643 209 1710 per
244 1619 397 1688 audacem
430 1623 657 1710 metonymiam
688 1643 803 1688 canere
831 1621 989 1710 potuisse,
1022 1621 1071 1686 rel
1095 1621 1138 1687 sio
1171 1643 1264 1686 nemo

17 1801 18 1804 ,
90 1737 168 1806 iacile
190 1739 251 1806 sibi
266 1740 487 1831 persuadebit,
512 1765 582 1808 eam
597 1742 731 1810 iunxisse
744 1763 818 1807 cum
829 1739 952 1824 Tritone
976 1741 1157 1830 epitheton,
1177 1740 1264 1829 quod

90 1859 137 1924 soli
155 1860 276 1927 insulae
299 1860 573 1928 accommodatum
595 1874 653 1928 est.
703 1861 763 1926 vix
786 1860 877 1926 aliter
900 1859 976 1926 olim
997 1861 1149 1950 scriptum
1168 1859 1262 1926 fuisse

89 1993 172 2068 puto,
198 2003 296 2070 quarn
317 1981 380 2046 sic:

209 2098 299 2176 Αὕτη
327 2102 384 2180 μὲν
406 2099 520 2185 Τάφον
543 2100 627 2168 laria
649 2102 808 2184 ἀνήροτος,
831 2099 883 2177 ἥδε
907 2099 939 2166 δὲ
963 2099 1094 2176 Χαλκίς.

93 2221 246 2304 literam,
283 2221 368 2312 qnod
392 2222 557 2303 dicebam,
581 2223 734 2291 mendum
757 2223 860 2290 estin
883 2245 929 2291 rs.
957 2224 1120 2312 sequenti,
1144 2225 1178 2290 in
1202 2245 1266 2314 quo

17 2427 18 2446 Χ
91 2341 205 2411 iubente
228 2356 330 2410 metro
352 2345 547 2435 scripserim:

249 2461 302 2540 lide
325 2463 357 2530 δὲ
381 2463 536 2548 Κουρήτων
564 2463 609 2553 [ἦ]
637 2465 703 2547 ἱερὰ
725 2449 1006 2546 χθών-νν-ὖ

18 2611 19 2624 ¹
91 2597 236 2674 expuncto
272 2585 426 2666 articulo,
452 2585 537 2675 quod
561 2607 665 2652 errore
687 2585 933 2652 describentium
956 2609 974 2652 a
997 2587 1138 2675 proxima
1161 2587 1265 2654 littera

90 2719 189 2772 natum
223 2729 292 2774 esse
326 2708 476 2796 suspicor.
526 2706 667 2786 Deinde,
693 2707 749 2796 qui
770 2707 863 2797 periit
875 2755 884 2786 ,
909 2705 1052 2794 dactylus
1076 2727 1140 2770 non
1164 2707 1263 2774 alium

88 2839 155 2916 puto
176 2829 291 2908 fnisse,
312 2849 409 2917 quam
429 2827 485 2916 qui
504 2827 580 2893 facit
600 2851 644 2894 rs.
659 2827 874 2918 praecedentis
885 2827 999 2918 pedem
1012 2828 1160 2916 quintum
1171 2875 1180 2906 ,
1201 2828 1263 2894 sci·

88 2945 151 3014 licet
173 2947 223 3025 ἥδε
244 2949 291 3027 δὲ,
312 2969 376 3037 qno
395 2947 518 3012 lucilius
530 2947 735 3037 intelligitur.
753 2971 849 3037 quarn
861 2948 992 3038 proclivi
1004 2971 1109 3014 errore
1120 2947 1264 3016 excidere

18 3073 19 3090 ²
88 3071 225 3156 potuerit.
273 3068 360 3134 Ilaec
392 3069 526 3158 suspicio
556 3069 582 3134 si
612 3091 685 3134 vera
716 3081 780 3148 est,
805 3081 842 3134 ut
864 3089 970 3134 reram
994 3089 1060 3134 esse
1081 3081 1179 3158 puto,
1205 3091 1263 3136 ne·
1390 3143 1397 3162 x

18 3189 19 3216 l
88 3191 208 3256 amaria
234 3188 309 3255 inde
340 3189 502 3278 sequitur,
535 3188 648 3280 pedem
684 3190 833 3256 ultimum
867 3188 963 3256 luisse
995 3211 1112 3254 nomen
1137 3189 1265 3280 aliquod

89 3313 239 3400 propriam
273 3309 418 3376 feminini
452 3311 593 3400 generis,
630 3309 715 3399 qood
748 3333 800 3376 me
821 3309 1015 3414 acutioribus
1038 3310 1263 3400 expiscandum

19 3503 21 3526 ,
89 3430 232 3521 relinquo.

127 3549 324 3618 Vocabulum
355 3549 395 3616 ad
424 3573 549 3616 sensnm
576 3551 670 3640 plane
700 3553 911 3618 necessarium
942 3550 1090 3618 excidisse
1120 3551 1264 3617 animad-

87 3685 178 3740 rertes
202 3674 236 3738 in
253 3671 367 3760 fragm.
394 3669 504 3737 XXIII
530 3670 653 3756 (XVIII
678 3675 696 3757 §
723 3674 764 3760 2).
779 3673 889 3750 initio,
911 3670 966 3736 ubi
979 3669 1126 3758 Sybarita
1144 3671 1258 3762 aliquis

19 3781 20 3786 ἵ
87 3793 138 3858 ciri
158 3816 214 3860 sno
225 3792 388 3870 narranti,
412 3813 444 3858 ae
465 3791 644 3882 spectandis
666 3793 815 3881 operariis
834 3793 939 3858 nescio
959 3813 1022 3880 quo
1042 3792 1153 3859 morbo
1176 3793 1262 3882 (cod.

85 3911 174 3982 labet
195 3917 238 3982 aab
257 3913 457 3997 πράγματα,
477 3912 563 3979 unde
584 3913 683 3979 Belk.
705 3915 811 3980 nescio
831 3936 871 3978 an
891 3926 976 3980 recte
992 3918 1101 3996 ῥῆγμα
1113 3915 1261 4005 extudit,)

20 4097 21 4112 ,
87 4035 227 4102 effectum
258 4058 345 4114 esse,
373 4033 567 4124 respondisse
589 4033 709 4100 fertur:
736 4035 780 4113 μὴ
810 4032 983 4114 θωυμάσαι·
1015 4035 1067 4100 καὶ
1091 4036 1154 4115 γὰρ
1174 4037 1265 4104 ἀκού·

87 4181 183 4224 rme
211 4158 247 4224 τὸ
277 4157 405 4237 γεγονὸς
436 4154 639 4230 πεπονηκέναι
671 4156 726 4231 τὴν
750 4153 897 4236 πλευράν.
948 4155 1029 4221 Tum
1058 4157 1162 4222 sensui
1189 4179 1263 4221 oum

20 4259 22 4288 ’
86 4277 311 4346 Grammaticus
343 4275 456 4342 melius
490 4275 670 4343 consultum
704 4275 804 4356 foret,
841 4276 867 4342 ai
889 4275 1096 4343 scriberetur:
1123 4276 1175 4342 arri
1198 4277 1262 4360 γὰρ

20 4371 22 4410 i

20 4453 21 4482 q
85 4403 202 4476 adria
224 4399 404 4472 ἀκούσαις
427 4399 462 4464 τὸ
485 4398 614 4477 γεγονὸς
637 4395 918 4475 venerantissimis
941 4397 1125 4485 πλευράν).
1160 4396 1197 4464 ln
1221 4397 1261 4466 fr.

116 4579 146 4648 1)
186 4579 226 4630 lta
248 4585 319 4632 certe
340 4573 424 4630 solent
449 4575 622 4652 antiquiores,
646 4575 689 4631 sed
716 4576 856 4632 Diodorum
882 4595 911 4632 ax
933 4577 973 4632 aui
997 4574 1054 4628 aeri
1077 4576 1265 4634 consuetudine

84 4667 179 4728 dedisse
199 4681 272 4746 poto:
292 4673 340 4729 nal
362 4670 415 4748 reip
433 4668 561 4728 ἑαυτὸν
581 4668 789 4728 ἀκούσαντα
808 4670 865 4728 uri.

1003 4778 1040 4831 31
