2932 5004
330 1195 754 1290 SUPPLEMENTUM
800 1195 1226 1292 EMENDATIONUM

398 1377 435 1444 u
455 1377 636 1446 uxorum
656 1379 829 1448 raucam
850 1383 872 1449 r
894 1382 1010 1449 casoro
1031 1381 1142 1449 arom.

227 2091 369 2162 Teutabo
398 2095 483 2164 iocos
505 2097 674 2166 nonnullos
697 2119 734 2164 er
757 2117 866 2162 corum
890 2119 1043 2176 numero,
1068 2094 1183 2187 qoibds
1205 2095 1286 2164 nihil
1309 2109 1369 2162 aut

180 2238 293 2305 parum
324 2229 370 2282 est
401 2218 433 2282 in
463 2217 663 2309 palimpsesto
694 2217 854 2307 praesidii;
889 2241 952 2307 qua
982 2220 1016 2284 iu
1038 2241 1072 2284 rc
1095 2241 1136 2284 ne
1158 2231 1228 2284 acta
1252 2239 1366 2308 agam,

181 2349 252 2402 utar
283 2338 496 2404 recentissima
520 2338 628 2404 Diouis
653 2337 808 2418 editione,
834 2361 929 2427 quam
957 2361 986 2405 a.
1015 2342 1100 2404 1849
1124 2340 1245 2406 curarit
1268 2339 1366 2405 lmm.

181 2457 341 2524 Bekkerus
367 2459 504 2549 (Lipsiae
528 2482 579 2550 ap.
606 2458 862 2547 Weidmannos).

179 2699 245 2779 ἐμοὶ
278 2699 431 2782 ἄρχητε,
469 2703 545 2768 ἀλλ’
575 2697 612 2766 ἵν’
644 2701 705 2778 ἐγὼ
736 2702 807 2780 ὑμῖν
839 2698 1047 2779 ἐτιτοὶττοιμι.
1097 2699 1280 2791 Corripitur
1306 2699 1367 2782 ἄρ·

178 2845 307 2904 χοιτε,
331 2823 395 2886 κτὲ.

225 2941 301 3032 Pag.
336 2946 396 3020 12,
426 2945 486 3006 12:
512 2938 557 3008 dre
581 2947 635 3007 τοῦ
658 2941 784 3023 Βρούτον
808 2941 844 3008 ad
866 2965 901 3006 τε
926 2941 1030 3022 δῶρον,
1054 2944 1158 3007 τοῦτ’
1183 2940 1269 3006 ἔστι
1293 2943 1367 3018 την

179 3063 433 3144 βακτηρίαν,
468 3061 631 3128 ἔσκαπτον.
681 3061 845 3127 Vocabula
882 3064 966 3128 τοῦτ’
1001 3059 1065 3127 ἔστι
1101 3063 1156 3138 την
1189 3061 1367 3144 βακτηρίαν

179 3207 244 3249 non
268 3197 340 3248 sunt
364 3181 492 3260 Dionia,
517 3181 572 3249 scd
595 3179 743 3278 coloparii
767 3179 1029 3247 additamentum.

224 3306 300 3394 Pag.
336 3310 395 3382 15,
426 3308 466 3368 17
491 3301 515 3391 §
540 3308 580 3368 3:
607 3299 679 3368 ὥστ’
702 3303 815 3376 αὐτοὺς
838 3303 888 3367 ε’τὶ
912 3311 1059 3368 πλεῖστον
1083 3302 1259 3385 ἀνθρώπων,
1282 3305 1369 3380 πλὴν

180 3430 209 3492 ἒν
244 3436 307 3499 τοῖς
342 3423 447 3490 aava
480 3423 696 3500 κινδύνοις,
725 3419 775 3494 οὓς
806 3423 841 3488 ἐκ
870 3429 928 3488 τῶν
958 3423 1007 3486 ἀεὶ
1038 3423 1178 3502 πολέμιον
1209 3423 1248 3490 δι’
1279 3425 1368 3490 αὐτοὶ

180 3552 285 3614 ταῦτα
321 3546 451 3626 μάλιστ’
485 3545 592 3628 ἔσχον,
628 3545 869 3628 διχοστατῆσαι.
926 3543 1095 3634 Suspicor:
1130 3545 1211 3619 πλὴν
1242 3545 1272 3610 ἐν
1301 3554 1368 3620 τοῖς

181 3667 286 3735 τανν
311 3667 458 3741 δεινοῖς
482 3665 704 3744 κινδύνοις,
728 3663 778 3739 οὓς
802 3665 870 3732 κτὲ.

226 3789 302 3879 Peg.
336 3794 394 3868 16,
429 3793 468 3853 17
500 3786 523 3876 S
560 3790 602 3857 8:
637 3786 690 3852 καὶ
722 3788 747 3852 εἰ
772 3785 807 3861 δή
830 3809 935 3858 τινες
957 3785 1082 3858 πλείους
1107 3783 1175 3873 (ἐνὶ)
1201 3784 1369 3852 δεδανεικό-

181 3933 232 3984 τες
263 3909 389 3991 ἔτυχον,
413 3907 607 3991 κρεουργηδὸν
630 3908 725 3972 αὐτοῦ
750 3907 785 3972 τὸ
808 3912 901 3984 σῶμα
924 3905 996 3987 πρὸς
1017 3908 1052 3972 aa
1069 3906 1157 3986 μέρος
1178 3901 1216 3970 ὦν
1235 3905 1370 3989 ὤφειλεν

181 4029 318 4108 ἐξουσίαν
342 4026 426 4112 εἶχον
449 4027 690 4106 κατανέμεσθαι.
738 4025 892 4092 Voculam
916 4026 956 4092 ἑνὶ
981 4025 1020 4091 de
1049 4047 1105 4092 suo
1132 4023 1253 4092 addidit
1282 4025 1370 4090 Bek-

179 4155 291 4229 kerus,
312 4173 376 4214 non
395 4150 492 4230 male;
521 4148 575 4214 sed
594 4148 713 4212 leuiore
730 4147 886 4213 medicina
905 4147 1078 4213 scribatur:
1106 4147 1159 4214 καὶ
1182 4148 1208 4213 εἰ
1231 4147 1265 4223 δη
1288 4169 1371 4213 τινι

182 4273 302 4344 πλείους
336 4271 539 4344 δεδανεικότες
574 4268 694 4350 ἔτυχον.
743 4267 865 4334 Deinde
892 4268 1022 4334 fortasse
1054 4289 1163 4334 rerum
1191 4280 1257 4334 est:
1293 4269 1371 4350 τρδς

182 4394 215 4455 τὸ
241 4394 327 4474 μέρος
353 4384 366 4454 d
392 4391 522 4474 ὤφειλεν
546 4389 693 4479 (ἑκάστῳ)
719 4387 858 4466 ἐξουσίαν
881 4390 947 4455 κτὲ.
997 4389 1069 4456 Mor
1092 4389 1211 4455 ibidem
1238 4388 1373 4478 supple-

184 4511 300 4576 verim:
336 4519 398 4586 τῶς
429 4512 493 4592 γὰρ
519 4509 557 4577 δον
580 4512 653 4592 πρὸς
677 4511 831 4586 τοσαύτην
855 4509 1002 4590 ὠμότητα
1026 4512 1241 4594 προεχώρησαν
1263 4511 1290 4576 οἱ
1313 4511 1370 4578 καὶ

186 4637 248 4701 τοῖς
279 4631 327 4694 ἐτ’
358 4631 531 4712 ἀδικηματί
553 4655 610 4700 τινι
637 4630 773 4719 (outo)
799 4629 960 4716 διάφευξιν
983 4631 1034 4699 ἐπὶ
1059 4631 1191 4718 σωτηρίᾳ
1213 4627 1373 4703 πολλάκις

637 4931 663 4971 Ω
