2932 5004
771 337 833 399 130

197 521 253 586 lib.
288 518 435 586 XXXIV.
485 519 600 586 Sensus
632 533 738 586 autern
762 519 824 584 looi
847 521 890 583 ita
914 521 1047 585 eorreoti
1072 519 1124 585 hio
1148 521 1226 584 erit:
1258 519 1329 585 Vel
1349 525 1388 585 si

196 650 305 706 morte
335 643 424 706 miti
447 641 619 705 constabit
642 663 709 706 noo
733 640 892 706 desinam
911 663 1069 728 umquam
1092 639 1252 727 ρίαιίίιιιιι
1276 645 1387 706 σίνεσ-

198 771 268 828 ίιιικ
300 771 416 827 tenere
447 761 619 826 adversus
648 771 840 826 senatores,
889 761 990 850 Prope
1013 761 1111 826 linem
1134 761 1287 850 legimus:
1314 762 1328 822 ὅ
1353 761 1387 826 δὲ
1460 839 1461 842 ¹

197 883 326 965 ῥηίείς
357 881 449 962 λίμος
481 880 580 964 οῦσπερ
611 906 658 954 τις
682 885 746 948 θεοῦ
769 882 910 964 χρησμὸς
936 883 1096 948 ιὀκίλουίον
1119 881 1197 963 ἔσχε
1219 891 1303 955 τοῖς
1328 886 1389 964 ρη-
1460 927 1461 930 ¹

197 1005 301 1070 θεῖσι
342 1006 377 1069 τὸ
422 1003 638 1082 ἀποτέλεσμα.
687 1003 884 1068 Alterutrum
927 1001 1068 1068 abundat
1112 1015 1167 1067 aut
1200 1002 1294 1084 ρηίείς
1331 1016 1390 1067 aut

196 1133 258 1196 τοῖς
290 1125 410 1206 ῥηθεῖσι.
460 1123 603 1188 Fortasse
627 1122 757 1190 Diodori
780 1145 892 1188 manus
915 1136 979 1190 est:
1014 1123 1028 1188 o‘
1059 1123 1090 1190 δὲ
1119 1123 1256 1205 ῥιφείς
1289 1121 1389 1200 λόγος

196 1247 260 1310 xri.

242 1365 294 1430 Fr.
326 1363 402 1430 XIV
433 1377 511 1430 ertr.
547 1364 601 1453 (X)
634 1365 758 1455 supple:
782 1361 828 1429 dr:
852 1360 902 1430 ῦδε
927 1364 967 1452 (ὃ)
993 1363 1082 1442 νίμος
1105 1362 1203 1444 κιίριίς
1231 1365 1296 1430 ἐστι
1327 1371 1390 1430 τῶν

197 1491 328 1552 πολιτῦν
356 1487 436 1560 πλην
468 1483 556 1573 (τοῖν)
586 1484 664 1550 δυοῖν
694 1483 844 1564 Δροῦσον.
891 1483 980 1548 Prior
1009 1483 1160 1548 articulus
1183 1495 1230 1549 est
1252 1485 1285 1550 ln
1309 1484 1385 1550 eod.

199 1607 271 1670 Vat.
315 1602 432 1671 Contra
456 1605 540 1700 analo
564 1604 705 1670 abundat
726 1605 839 1694 copula
862 1601 939 1669 ibid.
962 1605 995 1670 in
1017 1603 1133 1670 rerbis:
1158 1605 1199 1670 διδ
1220 1605 1272 1670 καί
1292 1605 1390 1684 νίμου

198 1728 276 1799 τινὸς
301 1726 494 1808 προκειμένου
518 1725 603 1812 [καί]
627 1725 814 1810 προσφάτως
839 1724 1054 1806 κεκυρωμένου.

242 1849 296 1914 Fr.
330 1847 389 1912 XV
423 1845 466 1930 (X
490 1851 508 1934 §
533 1846 565 1934 2)
591 1847 680 1912 init:
705 1844 750 1912 dr:
774 1845 901 1927 Μοίριιος
926 1845 1044 1918 Λίουιος
1069 1850 1201 1926 Δροῦσος
1224 1847 1298 1926 οίνηρ
1320 1847 1388 1920 νέος

196 1971 253 2050 μὲν
281 1971 335 2045 την
359 1968 498 2045 ἡλικίαν,
524 1967 750 2047 κεκοσμημένος
775 1967 806 2032 δὲ
829 1971 906 2034 πῦσι
931 1955 994 2041 τοῖς
1018 1967 1182 2048 πρατείοις.
1207 1967 1323 2048 πατρίς
1347 1993 1387 2032 τε

196 2091 260 2172 γὰρ
292 2091 356 2154 κτὲ.
406 2088 534 2180 Optime
563 2090 642 2156 haec
670 2088 854 2166 habebunt,
887 2089 912 2153 si
939 2089 1112 2177 scripseris:
1137 2089 1209 2169 σίνηρ
1235 2083 1294 2177 (ἦν)
1320 2088 1388 2162 νέος

197 2215 255 2291 μὲν
277 2249 323 2262 -
346 2211 500 2292 προτείοις
532 2213 599 2281 κτὲ.
648 2209 685 2276 In
711 2210 812 2276 aleina
834 2209 966 2298 legitur:
990 2211 1082 2282 αὐτὸς
1107 2210 1133 2274 δ’
1157 2211 1278 2291 ὑπῆρχε
1299 2209 1389 2292 λόγῳ

198 2334 256 2410 μὲν
295 2331 499 2405 δεινότατος
533 2338 591 2396 τῶν
632 2333 808 2406 ἡλικιωτῶν.
858 2329 1014 2406 Graecum
1051 2343 1098 2395 est
1136 2329 1227 2405 δεινὸς
1258 2330 1388 2410 λέγειν,

198 2453 291 2527 δεινὸς
314 2453 384 2524 τοὺς
406 2453 538 2532 λόγους,
562 2464 593 2519 et
617 2451 708 2526 δεινὸς
732 2453 762 2518 ἐν
786 2460 847 2526 τοῖς
871 2451 993 2530 λίγοις;
1017 2452 1070 2517 sed
1091 2452 1175 2541 quod
1194 2452 1250 2518 hle
1268 2451 1390 2540 legitur

197 2575 289 2648 δεινδς
324 2574 425 2658 λόγῳ,
460 2569 540 2640 nlihi
574 2573 702 2662 quidem
723 2571 901 2638 inauditum
925 2586 983 2639 est.
1032 2573 1186 2640 Diodorus
1210 2587 1295 2640 certe
1317 2595 1388 2639 non

196 2699 240 2762 ita
264 2696 400 2762 seribere
421 2695 517 2774 solet,
538 2692 593 2760 sed
620 2695 768 2782 frequens
790 2705 836 2758 est
856 2692 940 2782 apud
962 2715 1036 2760 eurn
1059 2695 1194 2768 formula
1218 2695 1300 2777 λόγῳ
1322 2695 1387 2759 δυ-

197 2816 295 2882 νατί
303 2841 338 2894 ς,
362 2839 459 2906 quare
482 2815 587 2882 rideas
611 2837 651 2880 an
675 2814 708 2880 h.
734 2815 756 2879 l.
783 2813 922 2880 dederit:
946 2815 1030 2896 λόγῳ
1053 2817 1125 2893 μὲν
1142 2816 1387 2888 δυνατώτατος

198 2939 240 3004 ol.
265 2961 295 3002 ν.
323 2961 352 3004 o.
377 2937 435 3004 lib.
463 2935 541 3004 XIII
568 2961 576 3001 ι
604 2941 657 3002 at.

245 3059 297 3124 Fr.
344 3057 419 3123 XVI
466 3057 508 3147 (X
551 3060 569 3142 ς
614 3055 665 3144 3);
707 3054 1047 3137 ἐξαμαρτησαντας.
1107 3057 1209 3146 Lege:
1247 3056 1388 3139 ἐξαμαρ-

196 3180 355 3251 τόντας.
394 3237 400 3252 ,

246 3299 299 3366 Fr.
328 3299 420 3364 XVII
444 3297 516 3387 (XI)
540 3299 628 3364 init:
652 3297 764 3377 ὄμνυμι
788 3297 840 3362 τὸν
861 3298 925 3362 Δία
944 3297 995 3362 τὸν
1016 3301 1243 3364 Καπετώλιον.
1280 3299 1385 3389 Lege:

198 3421 457 3488 Καπετώλινον.
516 3417 598 3484 Ibid.
644 3441 689 3484 vs.
732 3423 791 3484 35:
827 3417 983 3496 μηδεμιᾶς
1017 3417 1225 3500 Φείσασίοοι
1259 3425 1385 3501 ψυχῆς.

200 3539 360 3630 Corrigas:
403 3539 582 3622 φείσεσθαι
614 3560 687 3606 oum
722 3538 941 3628 palimpsesto,
978 3559 1053 3604 nam
1083 3538 1222 3628 pendent
1252 3538 1331 3606 haee
1368 3565 1390 3605 a

196 3662 291 3729 aerbo
314 3659 436 3739 ὄμνυμι.

244 3784 297 3849 Fr.
322 3779 431 3846 XVIII
453 3777 539 3868 (XII)
552 3802 597 3844 ns.
621 3783 661 3842 12
682 3779 898 3868 reponendum
919 3791 1075 3869 expuncta
1092 3781 1336 3869 praepositione:
1352 3787 1391 3846 οὐ

198 3905 261 3984 γὰρ
294 3901 381 3981 μόνον
416 3900 473 3988 [ἐν]
507 3908 570 3974 τοῖς
593 3899 697 3978 λίνοις
721 3900 810 3966 ἐκίνει
834 3900 975 3979 γέλωτα
1001 3899 1096 3989 (male
1115 3900 1263 3990 vulgatur
1284 3902 1389 3980 γέλοι-

197 4049 292 4102 τας,
317 4023 359 4088 ol.
384 4046 415 4087 ν.
442 4043 471 4086 o.
498 4020 578 4087 Xen.
601 4019 710 4110 Symp.
733 4020 768 4099 1,
794 4025 812 4108 §
835 4019 888 4108 14)
909 4019 997 4086 οίλλοὶ
1016 4020 1069 4086 καί
1090 4021 1175 4087 κοιτδο
1194 4024 1249 4098 την
1268 4025 1391 4099 σιυπην

197 4147 249 4214 καί
278 4142 368 4210 ποιὰν
399 4139 478 4228 (τοῦ)
504 4141 647 4219 σώματος
671 4141 858 4223 ἐπιστροφὴν
884 4138 1032 4214 ἅπαντας
1056 4141 1149 4208 ἐποίει
1176 4144 1246 4216 τοὺς
1272 4145 1389 4224 deonti-

197 4294 261 4344 νονς
294 4264 415 4344 μειδιᾶν
446 4263 510 4328 κτὲ.
558 4260 680 4327 Deinde
712 4261 822 4328 dubito
855 4285 895 4327 an
918 4285 964 4328 rs.
1000 4265 1040 4328 15
1071 4276 1156 4329 reete
1178 4263 1300 4330 dictum
1323 4267 1386 4332 sit:
1460 4355 1461 4360 ἵ

198 4389 241 4454 διδ
285 4385 337 4452 καί
380 4385 468 4466 παροδ
511 4383 669 4462 Ῥωμαίοις
712 4381 858 4463 μεγοίλης
891 4381 1051 4464 ιίποδοχῦς
1086 4384 1117 4448 ἒν
1151 4393 1213 4460 τοῖς
1249 4383 1391 4468 ίεοίτροις

199 4509 435 4587 ἐπληροῦτο.
483 4502 620 4570 Diodoro
663 4503 753 4570 valde
786 4505 948 4571 familiaris
982 4517 1029 4570 est
1062 4505 1200 4572 looutio:
1236 4504 1391 4588 μεγάλης

200 4625 356 4718 ἀποδοχῆς
391 4623 564 4708 τνμχιίνειν
599 4625 662 4691 sive
697 4623 853 4704 ἀξιοῦσθαι
888 4651 912 4694 s.
950 4623 1181 4704 καταξιοῦσίαι.
1240 4628 1393 4698 Fortasse
1460 4639 1461 4644 ’
