2944 5002
191 513 280 580 XXV
284 513 299 578 1
320 512 424 601 (xxl)
439 513 559 579 Graeca
569 532 634 576 non
647 521 720 576 sunt
733 532 814 598 quae
826 509 977 599 leguntur
988 531 1031 574 rs.
1047 513 1088 575 14
1100 531 1169 600 sqq.
1182 511 1227 575 sic
1237 511 1354 600 scripta
1367 533 1378 573 :

191 631 226 699 οὗ
247 634 411 712 γενομένου
433 633 504 705 τοὺς
527 631 584 712 μέν
609 631 773 712 παρθενίοις
795 630 1117 703 associassent
1147 639 1202 706 τῆς
1226 631 1381 711 ἐπιβολῆς

191 755 244 820 καὶ
268 757 340 836 πρὸς
365 753 501 820 titivm
521 753 671 835 ὁρμῆσαι,
696 775 777 840 quae
801 749 1042 840 significabunt,
1068 774 1164 840 quam
1188 774 1255 820 rem
1279 753 1381 842 siqui·

192 874 288 940 ficare
312 874 502 954 creduntur,
528 873 584 939 uhi
603 873 791 940 correxeris:
817 873 1044 946 οὶποοινῑναι
1067 879 1123 946 τῆς
1141 873 1288 953 ἐπιβολῆς
1308 875 1380 940 ari.

237 995 311 1060 Jam
341 995 519 1074 videamus,
548 1017 588 1060 an
611 1017 703 1084 opem
722 1005 919 1084 praesentem
943 992 1025 1058 ferre
1047 994 1200 1082 possim
1228 993 1381 1074 oraculo,

193 1114 277 1204 quod
301 1115 453 1188 Phalanto
477 1115 587 1180 datum
606 1115 720 1180 misere
742 1125 927 1202 corruptum
950 1125 1049 1178 exstat
1072 1114 1106 1180 in
1129 1113 1201 1180 solis
1225 1116 1381 1204 excerptis

193 1237 354 1304 Vaticanis
378 1237 442 1328 (ap.
468 1235 567 1302 Belli.
588 1237 628 1302 ir.
651 1233 782 1322 xxtl).
819 1233 1009 1302 Scribuntur
1028 1247 1134 1302 autem
1153 1259 1199 1301 rs.
1218 1241 1238 1300 3
1258 1259 1305 1324 sq.
1317 1210 1405 1301 oic:¹

287 1357 436 1440 Σατύριον
465 1355 584 1441 φράζον
607 1355 646 1422 σὺ
676 1354 837 1436 Τιέρανοές
867 1358 897 1422 τ’
920 1355 1043 1433 comto
1066 1351 1140 1435 ὕδωρ

280 1478 347 1544 καὶ
371 1477 521 1557 λιμένα
544 1475 702 1553 οιιαιέν,
724 1475 778 1542 καὶ
802 1471 877 1541 ὅπου
898 1474 1013 1557 τράγος
1037 1475 1174 1558 οὶλμιιὸν
1192 1472 1288 1556 οἶδμα

284 1603 481 1682 ἀμφαναοιᾷ
504 1599 533 1662 τ’
555 1595 719 1678 expleam
741 1596 877 1674 νενεέον,

285 1717 356 1785 ἔνθα
383 1717 535 1798 Τάραντα
555 1722 639 1782 ποιοῦ
663 1717 714 1780 ἐπὶ
739 1715 887 1798 Σατύιιον
910 1717 1076 1796 βεβαῶτα.

242 1839 336 1906 Multi
366 1839 495 1904 fortasse
528 1835 841 1928 interpretabuntur,
873 1860 988 1917 nemo,
1023 1850 1070 1902 sat
1101 1839 1181 1916 scio,
1205 1836 1384 1927 intelliget,

198 1961 273 2051 quid
294 1961 339 2026 rei
357 1961 396 2026 sit
419 1959 511 2040 λιμήν
534 1958 651 2032 σκαιός.
687 1957 864 2048 Equidem,
886 1957 987 2024 donec
1005 1957 1136 2024 meliora
1157 1957 1285 2024 edoctus
1305 1981 1386 2040 ero,

198 2081 337 2148 nobilem
369 2080 461 2144 illum
494 2091 640 2168 portum,
677 2101 740 2166 quo
776 2078 815 2144 ad
850 2091 974 2144 tantum
1006 2101 1103 2168 opum
1137 2078 1387 2169 divitiarumque

195 2204 356 2292 fastigium
387 2212 532 2266 erectum
562 2222 628 2266 esse
660 2199 832 2266 Tarentum
862 2202 1025 2278 novimus,
1050 2223 1114 2266 non
1137 2204 1243 2268 οιιαιὸν
1265 2202 1305 2288 (s.
1331 2203 1386 2267 in·

198 2323 350 2410 faustum)
376 2321 430 2387 sed
450 2321 545 2386 καλὸν
570 2320 609 2386 ab
632 2321 760 2386 oraculo
781 2321 975 2411 appellatum
997 2345 1063 2388 esse
1087 2321 1297 2399 contendam,
1322 2323 1388 2387 ita·

200 2469 262 2536 qne
297 2457 400 2510 ratem
441 2426 607 2510 cecinisse:
644 2443 791 2524 Σανύςιον
821 2441 1001 2526 φράζουσι)
1025 2441 1388 2524 Τοέροιντέςτόὶνλαὸν

198 2565 292 2649 ὕδωρ,
325 2567 392 2632 καὶ
427 2564 603 2644 λιμένας
639 2565 808 2641 καλούς,
844 2563 897 2632 καὶ
929 2564 994 2630 ari.
1044 2562 1134 2648 Quod
1166 2563 1205 2630 ad
1229 2563 1387 2644 Pluralis,

200 2712 295 2779 quem
318 2687 379 2753 hac
398 2687 579 2752 coniectura
598 2686 718 2759 intexi,
744 2707 836 2750 usum
856 2687 988 2763 attinet,
1002 2707 1042 2750 ne
1055 2685 1124 2774 quis
1136 2707 1173 2750 eo
1185 2684 1388 2765 offendatur,

200 2831 313 2876 moneo
333 2831 400 2873 rem
420 2808 533 2872 miram
553 2828 620 2872 esse
639 2803 692 2872 sed
716 2806 942 2884 certissimam,
966 2827 1031 2870 non
1054 2803 1157 2870 solum
1181 2805 1264 2895 apud
1275 2819 1391 2896 poetas

200 2929 255 2997 sed
285 2929 380 2994 etiam
412 2925 496 3016 apud
520 2949 630 3016 prosae
653 2927 818 3015 scriptores
840 2926 1039 3014 frequentem
1062 2947 1128 2991 esse
1150 2926 1184 2990 in
1206 2924 1267 2992 hoc
1289 2949 1391 2993 roca-

200 3050 276 3116 bulo
311 3049 436 3114 numeri
470 3047 603 3114 Pluralis
636 3069 748 3126 auum,
782 3045 837 3111 ubi
867 3068 950 3110 nnus
970 3056 1095 3112 tantum
1118 3058 1226 3134 portus
1249 3047 1391 3138 intelligi

199 3172 307 3262 possit.
356 3165 517 3234 Pedestres
548 3188 635 3232 nunc
664 3189 729 3232 nou
759 3189 878 3246 moror;
913 3190 931 3232 e
962 3167 1062 3254 poetis
1093 3188 1158 3231 non
1189 3167 1301 3233 inutile
1325 3171 1392 3235 erit

201 3313 301 3358 unum
326 3287 525 3376 alterumque
548 3286 654 3352 loctun
678 3287 867 3376 apposuisse.
917 3283 1049 3352 Certum
1071 3298 1118 3352 est
1141 3311 1169 3352 r.
1192 3309 1221 3352 c.
1242 3311 1307 3353 non
1325 3291 1394 3356 uisi

201 3435 301 3478 unum
323 3421 451 3500 portum
474 3405 608 3496 intelligi
630 3429 718 3496 posse
742 3406 775 3471 in
799 3406 929 3472 Homeri
953 3405 1063 3494 Odyss.
1089 3406 1130 3472 N.
1159 3410 1242 3472 195:

335 3531 451 3598 τοῦνεκ’
473 3527 521 3610 ἄρ’
545 3527 709 3594 ἀλλοειδέα
731 3527 907 3610 φανέοιιετο
929 3527 1037 3593 πάντα
1059 3525 1172 3594 ἄνακτι

335 3651 502 3732 ἀτραπιτοί
523 3675 557 3716 τε
582 3649 730 3726 διηνεκέες
753 3649 874 3727 λιμένες
898 3671 934 3714 τε
957 3647 1116 3729 νιοένιομοι,

202 3777 243 3846 cf.
270 3775 300 3839 lt
326 3799 333 3837 :
363 3779 419 3851 43;
450 3795 554 3860 neque
583 3772 682 3860 magis
707 3770 790 3859 apud
815 3769 998 3858 Euripidem
1021 3771 1054 3835 in
1079 3769 1205 3836 Electra
1228 3795 1272 3835 vs.
1301 3775 1392 3841 452:

199 3895 322 3960 Ἰλιόθεν
339 3895 364 3960 δ’
385 3891 492 3958 ἔκλυέν
510 3915 587 3964 τινος
606 3895 635 3956 ἐν
654 3892 776 3970 λιμέσιν
797 3890 802 3980 Ι
822 3891 1012 3957 Ναυπλίοισι
1030 3891 1171 3971 βεβῶτος
1193 3895 1259 3963 xri.
1296 3895 1396 3964 Adde

201 4004 317 4082 licien.
347 4015 480 4077 vs..52l
508 4023 539 4076 et
562 4011 659 4100 Soph.
687 4011 769 4080 Phil.
795 4015 873 4078 936.
898 4013 1000 4084 Καλὸς
1025 4024 1131 4078 autem
1155 4015 1249 4094 λιμὴν
1271 4014 1398 4084 dicitur

201 4161 231 4202 a.
267 4159 296 4200 c.
328 4134 362 4198 in
394 4131 505 4218 Odyss.
540 4133 574 4198 Z.
601 4135 678 4200 263.
726 4132 820 4197 Nunc
846 4131 935 4196 video
960 4131 1130 4196 Mullorum
1154 4133 1306 4200 edidisset
1334 4142 1396 4205 καὶ

201 4257 314 4336 λιμένα
346 4253 476 4324 Σκαιὸν;
508 4253 597 4340 quasi
625 4253 720 4318 fuerit
743 4275 859 4318 nomen
883 4252 1046 4341 proprium
1070 4266 1178 4342 portus
1205 4255 1395 4340 Tarentini,

203 4378 255 4444 sed
278 4399 382 4465 neque
405 4373 486 4452 hoc,
513 4385 666 4462 quantum
690 4375 774 4454 scio,
800 4373 839 4438 ab
864 4371 929 4437 ullo
942 4375 1092 4463 scriptore
1105 4373 1255 4455 traditur,
1281 4401 1396 4470 neque

203 4509 328 4586 portum
364 4521 381 4561 a
418 4495 544 4562 Graecis
579 4495 611 4558 in
646 4495 761 4560 talibus
802 4493 1105 4583 superstitiosissimis
1145 4507 1209 4561 tam
1250 4499 1396 4568 infausto

205 4615 331 4681 nomine
365 4617 483 4683 dictum
520 4615 612 4680 luisse
648 4615 844 4681 crediderim.
895 4613 1015 4680 Deinde
1048 4639 1091 4684 rs.
1124 4617 1279 4684 3mclius
1302 4619 1400 4711 legas
