2944 5002
632 369 673 430 39

82 550 137 616 ieri
157 553 182 619 δ’
211 554 224 616 ὁ
250 557 319 625 νοῦς
350 550 413 618 ύδε·
447 554 515 623 τοὺς
549 553 632 638 (μὲν)
658 553 842 628 νικῆσαντας
868 555 931 618 κτὲ.
978 550 1046 617 Νον
1070 553 1174 616 minus
1197 549 1251 616 de·

83 685 188 761 sperata
223 687 297 740 sunt
333 696 414 763 quoe
450 674 582 764 legimus
616 673 656 739 fr.
693 671 768 739 XVI
803 697 846 740 vs.
887 676 946 740 13:
982 675 1116 739 ε’νπεῦύεν
1139 697 1253 738 κατα-

83 793 253 867 πλεύσας
285 795 353 860 τὸν
385 796 559 876 πορύμὸν
590 796 642 860 καί
674 793 780 878 διάρας
812 795 960 861 Σικελίαν
982 803 1112 876 κατῆρεν
1134 796 1177 868 είς
1198 797 1254 869 τῆν

81 913 277 998 Τανρομίνιον.
309 901 433 982 ⁴I'acile
464 929 510 982 est
541 918 697 1006 corrigere
720 915 826 998 διάρας
850 918 907 990 είς
932 916 1094 993 Σικελίαν,
1119 914 1172 981 sed
1196 938 1252 1004 pa·

84 1057 144 1099 min
169 1058 204 1102 ea
235 1038 417 1102 coniectura
441 1037 616 1117 lucramur3
643 1060 717 1103 nam
741 1037 899 1126 quomodo
919 1037 1032 1126 aliquis
1054 1037 1162 1102 Locris
1185 1036 1254 1101 vela

84 1155 184 1221 iaciens
214 1155 460 1224 Tauromenium
481 1161 578 1249 possit
601 1165 806 1224 καταπλεῖν
832 1157 884 1222 τὸν
908 1155 1063 1239 Πορύριύν,
1088 1157 1182 1222 nemo
1206 1157 1253 1220 iu-

86 1275 136 1340 cile
160 1275 314 1366 expediet3
349 1291 381 1345 et
413 1301 508 1367 quam
531 1281 637 1368 inepte
660 1277 777 1344 dicitur
799 1277 934 1360 διάρας
959 1279 1002 1353 είς
1028 1277 1175 1344 Σικελίαν
1195 1301 1253 1342 κα-

84 1405 182 1476 τῆρεν
203 1399 247 1472 είς
267 1400 323 1473 τῆν
344 1399 575 1480 Τανροροίνιονῖ
603 1398 721 1485 Quidni
733 1398 891 1464 scribitur:
912 1399 1047 1465 ε’νύεῦτεν
1062 1397 1254 1471 διαπλεύσας

84 1517 121 1588 είς
149 1518 292 1584 Σικελίαν
326 1528 455 1600 κατῆρεν
490 1521 532 1591 είς
567 1521 622 1594 τῆν
657 1518 884 1602 Τανροροὲνιονί
945 1518 1007 1586 Sed
1042 1520 1068 1583 si
1103 1520 1146 1584 itu
1180 1518 1256 1584 olim

86 1639 218 1726 scriptum
241 1639 323 1718 fuit,
349 1639 434 1706 unde
459 1653 533 1706 natu
557 1654 630 1706 sunt
652 1641 801 1730 reliqua?

122 1755 237 1824 Curtius
267 1773 314 1825 est
341 1783 385 1827 rs.
420 1735 462 1826 27
494 1760 705 1852 supplendum
736 1784 819 1827 esse:
853 1760 905 1826 καί
941 1759 1016 1848 (τὸν)
1041 1760 1256 1841 Σωσίστρατον

87 1879 116 1963 (si
142 1878 216 1947 haec
247 1883 383 1947 nominis
414 1883 515 1948 forma
548 1883 622 1948 ferri
645 1883 741 1973 possit
763 1904 820 1971 pro
844 1881 1060 1968 Σώστρατον),
1085 1894 1116 1946 et
1142 1905 1183 1946 τε.
1211 1883 1254 1946 28

84 2003 114 2070 dr
143 1999 285 2080 μεγάλοις
315 2000 474 2083 άποδοχῆς
508 2001 643 2090 (τυχεῖν)
673 2001 725 2067 διά
756 2003 812 2077 τῆν
841 2003 969 2082 είρῆννν,
1002 2025 1063 2090 qua
1096 2001 1255 2067 locutione

85 2120 158 2185 nulia
176 2135 220 2188 est
241 2121 326 2213 apud
346 2122 521 2188 Diodorum
540 2123 736 2212 frequentior
753 2146 782 2188 τ.
805 2146 834 2190 c.
855 2123 943 2189 XXV
962 2124 1001 2190 fr.
1026 2126 1080 2190 12:
1102 2122 1255 2194 δικαίας

85 2242 271 2326 άτοδοχῆς
306 2244 541 2326 ἐτύγχανον
573 2246 661 2326 παρά
691 2251 754 2316 τοῖς
785 2243 946 2324 πολίταις,
979 2247 1024 2312 sic
1048 2243 1120 2310 libr.
1148 2243 1254 2309 XXIX

85 2362 114 2426 ir.
138 2366 192 2430 25:
218 2361 265 2430 ύτι
287 2366 313 2430 oi
338 2365 404 2447 περ)
425 2365 476 2432 τὸν
492 2369 655 2432 Ἄτταλον
672 2366 820 2444 βασιλεῖς
838 2365 1032 2444 μεγάλας
1056 2366 1256 2446 ἀποδοχῆς

86 2484 293 2565 ἐτύγχανον
317 2498 350 2552 et
373 2485 450 2551 ibid.
477 2484 1043 2568 νε.15ςοεχίστκςάποδοχῆς
1068 2483 1256 2563 ῆξιοῦνπο,

87 2616 110 2668 ct
131 2604 201 2670 olibi
223 2607 414 2696 saepissime.

121 2706 233 2793 Deinde
264 2727 333 2792 loco
366 2740 471 2792 nostro
503 2741 680 2817 sequuntur
710 2728 807 2794 haec:
834 2732 850 2792 ιῖ
874 2727 905 2792 δὲ
927 2727 1080 2806 βασιλεὺς
1106 2741 1253 2808 παραλα·

85 2847 136 2922 βίον
152 2885 196 2898 -
216 2847 432 2928 παρασκευάς·
465 2851 498 2914 αί
527 2847 558 2914 δὲ
581 2853 666 2923 ναῦς.
714 2847 855 2914 Verbum
879 2849 1006 2914 finitum
1027 2845 1176 2914 excidisse
1201 2869 1257 2936 ep-

86 2981 158 3054 paret
179 2969 487 3058 postremumque,
508 2983 539 3035 et
562 2993 581 3034 e
604 2969 807 3058 sequentibus
830 2969 932 3058 liquet
955 2967 1166 3058 supplendum
1191 2991 1258 3033 esse

87 3087 162 3166 ἔκρινε
185 3090 340 3155 άποπλεῖν
363 3091 412 3156 vel
436 3103 520 3156 certe
545 3090 665 3179 aliquid
688 3091 721 3155 in
747 3083 883 3156 eundem
905 3111 1042 3155 sensrnn.
1086 3087 1258 3176 Sequentia

30 3189 31 3192 ξ
88 3231 120 3276 τε.
150 3213 190 3277 30
214 3211 257 3274 ita
282 3209 456 3298 supplendo
475 3223 506 3276 et
530 3208 714 3299 corrigenda
738 3209 901 3289 videntur,
927 3223 962 3276 ut
985 3211 1144 3300 legemus:
1171 3210 1204 3274 αῖ
1229 3207 1259 3272 δὲ

30 3373 32 3386 »
88 3335 146 3402 ναῦς
165 3367 212 3379 -—
233 3327 453 3412 κατάφρακτοι
483 3326 587 3416 (ἦσαν)
614 3329 725 3395 ἑκατὸν
747 3367 791 3380 ·-
814 3329 927 3408 είκοσι,
954 3327 996 3406 ἦν
1016 3329 1043 3394 δ’
1067 3334 1085 3406 si
1108 3329 1258 3409 βασιλικῆ

88 3451 188 3531 ἐννήρεις
211 3474 287 3540 pro:
316 3452 333 3526 ῆ
356 3449 431 3530 μὲν
453 3451 604 3530 βασιλικῆ
628 3451 758 3532 ε’ννῆρκς.

123 3569 235 3638 Verum
265 3593 330 3635 non
361 3583 426 3650 est,
461 3569 546 3659 quod
578 3570 726 3636 discimus
755 3593 792 3637 er
816 3569 928 3637 eodem
953 3569 1186 3657 corruptissimo
1207 3592 1258 3636 co·

30 3687 32 3782 )
88 3691 144 3756 dioe
173 3693 213 3757 fr.
248 3689 340 3758 xvss
375 3689 462 3777 (vlll
493 3693 511 3776 §
541 3692 600 3777 6):
636 3689 680 3758 ύτι
706 3692 720 3757 ί
744 3693 837 3771 λιμῆν
861 3692 876 3756 ὅ
897 3691 1084 3772 Κορινθιακὸς
1109 3689 1260 3773 Λέχαιος

30 3801 32 3936 )
89 3821 227 3878 πολεῖται.
275 3810 400 3878 Nomen
431 3825 539 3901 portus
571 3812 655 3878 illius
687 3835 753 3878 esse
784 3809 939 3894 Λέχαιον
964 3811 1057 3900 lippis
1080 3824 1191 3878 notum
1215 3826 1262 3880 est

30 3939 32 3974 ¹
90 3945 167 4021 uque
189 3931 403 4016 tonsoribus.¹

122 4055 357 4122 AbiectissImae
381 4053 566 4120 Graecitatis
590 4067 636 4120 est
658 4055 743 4144 quod
763 4055 877 4144 legitur
896 4055 935 4120 ir.
959 4053 1065 4120 XVIII
1080 4052 1150 4143 (IX)
1164 4077 1208 4119 vs.
1224 4057 1257 4119 8:

30 4143 32 4166 ι
90 4173 208 4256 τύλεμον
231 4176 378 4250 ε’ποίνρσε
399 4197 456 4265 pro
476 4175 611 4254 πόλεμον
632 4175 832 4250 ἐποιήσατο.
858 4173 1050 4264 Sequentia,
1076 4196 1259 4263 quaeman-

88 4317 115 4358 τε
140 4310 212 4364 sunt
243 4309 276 4363 et
309 4307 457 4385 corrupta
487 4296 520 4360 in
555 4294 642 4360 hunc
673 4293 803 4361 modum
835 4295 1071 4362 constituerim:
1099 4297 1129 4359 ἐν
1147 4289 1168 4375 ᾧ
1188 4307 1263 4358 πολ-

87 4417 145 4491 λούς
176 4417 370 4499 στρατιώτας
401 4416 572 4494 άποβαλίον
603 4415 667 4480 καί
699 4417 743 4494 μῆ
774 4414 992 4498 κατισχύσας
1016 4471 1032 4502 ξ
1058 4471 1074 4502 s
1102 4469 1114 4497 ,
1142 4409 1265 4494 ύστερον

88 4535 129 4622 ξδ’)
166 4539 209 4611 είς
241 4539 297 4612 τῆν
332 4533 483 4606 Ἑλλάδα,
510 4534 600 4612 ῆλύε
637 4535 688 4600 καί
724 4537 767 4607 είς
802 4536 837 4600 τὸ
873 4537 903 4601 ἕν
935 4541 1073 4618 Δελφοῖς
1103 4542 1263 4612 μαντεῖον,

87 4659 171 4724 νίκαν
203 4661 399 4736 άποσυλῆσαι
434 4658 520 4726 αύτύ.
570 4658 730 4725 Lacunam
764 4670 869 4724 autem
901 4655 1024 4742 expiere
1054 4655 1149 4742 possis
1177 4679 1205 4723 ν.
1234 4675 1263 4719 c.
