2946 5014
835 395 876 459 18

300 567 302 572 1
432 586 615 678 εἰσέρχεται
633 585 693 672 μὲν
714 577 841 670 ἰχθύων
861 581 1107 672 πλοπῶνμὲνη,

377 707 414 764 10
434 698 554 790 χέρσου
577 692 606 767 δ’
628 694 729 778 ἔνεςιν
750 695 783 763 ἐν
803 693 1007 784 τετρασνέλει
1027 697 1123 784 μονῇ,

430 813 522 900 νωμᾷ
544 803 574 879 δ’
596 809 628 878 ἐν
650 808 794 876 οἰωνοῖσι
815 807 1018 883 ποικίλοις
1039 797 1179 896 πτερόν·

429 917 488 992 τίν’
510 916 549 990 ori
570 913 746 990 noiolovo’
766 919 799 996 ἐς
817 919 891 1010 τρὶς
912 911 1060 1016 ἐκβάλλον
1081 919 1183 1005 donin

432 1039 466 1104 st
484 1060 542 1123 μοι
565 1033 671 1117 θέμις,
695 1032 796 1117 θέμις
815 1031 853 1100 dd
874 1024 998 1122 τάληθῆ
1019 1031 1137 1118 λέγειν,

430 1143 512 1225 Διὸς
532 1150 681 1238 τυραννεῖ
700 1139 911 1230 πλευμόνων·
933 1137 1008 1210 ἄνευ
1030 1138 1148 1234 δορός,

372 1272 407 1328 15
429 1253 506 1328 daeo
526 1256 662 1350 σιδήρου
683 1251 791 1325 πάντα
809 1281 860 1326 τοι
882 1255 1083 1339 eminuerat

430 1365 606 1464 Κύπριδι
625 1364 667 1438 τοὶ
688 1374 809 1461 θνηπῦν
829 1370 884 1437 καὶ
905 1371 991 1438 θεῶν
1011 1360 1229 1454 βουλεύματα.

320 1488 375 1554 Vs.
387 1489 416 1553 7.
427 1479 631 1553 ἅνθάπτοται
647 1509 703 1574 pro
726 1477 888 1575 ἑνιήκετοι
910 1487 970 1550 iam
996 1485 1112 1550 dudum
1139 1485 1332 1552 Meinekium
1345 1489 1413 1550 anta

275 1627 324 1671 me
357 1605 524 1672 correxisse
546 1625 630 1668 nune
652 1603 752 1669 video.
779 1601 847 1690 Ego
863 1603 916 1696 ita
947 1602 1166 1680 conficiebam,
1198 1602 1313 1668 oollato
1348 1602 1413 1668 loeo

276 1720 505 1810 Aristophaneo
532 1741 549 1782 e
582 1720 694 1784 Ranis:
728 1707 919 1801 πλευμόνων
947 1708 977 1782 δ’
998 1707 1198 1783 ἆνθᾶπιποιι
1228 1717 1414 1806 Ταρτηοοία

274 1829 414 1926 μύραινα
429 1833 492 1902 aas.
517 1834 571 1900 Va.
603 1837 644 1904 11
675 1832 795 1901 correxi
821 1829 976 1919 vulgatam
1003 1829 1184 1900 leotionarn:
1206 1830 1299 1916 νωμᾷ
1327 1822 1358 1896 δ’
1385 1827 1415 1894 ἐν

276 1948 421 2018 οἰωνοῖσι
441 1941 649 2038 τούκείνης
671 1938 803 2036 πτερόν.
826 1946 961 2014 Verbum
983 1949 1064 2014 enim
1086 1947 1195 2030 νωμᾶν
1219 1945 1246 2010 si
1267 1943 1296 2009 h.
1316 1943 1351 2022 1.,
1381 1949 1416 2008 ut

275 2063 351 2128 alibi
365 2085 498 2151 semper,
517 2070 620 2130 servat
640 2069 780 2130 naturam
794 2086 878 2129 suam
892 2065 1098 2142 transitivum,
1114 2083 1281 2150 pronomen
1298 2055 1416 2146 ἐκείνης

276 2179 369 2244 buius
381 2179 443 2249 luni
463 2202 525 2248 non
546 2204 612 2250 esse
633 2181 722 2260 inde,
740 2180 848 2260 endo,
871 2183 939 2246 sine
957 2181 1021 2248 ulls
1034 2180 1244 2248 controversia
1266 2175 1415 2262 arquitur.

276 2298 310 2362 si
343 2301 451 2362 eontra
484 2287 649 2385 caniseiane
679 2319 800 2362 meeum
830 2297 862 2361 in
895 2297 1057 2372 ποικίλοις
1083 2298 1264 2374 mutaveris,
1291 2291 1417 2359 habebit

276 2409 422 2478 οἰωνοῖσι
443 2435 531 2479 suum
548 2411 726 2501 epitheton,
742 2435 833 2500 quem
850 2413 1013 2479 admodum
1030 2435 1073 2480 ra
1090 2415 1110 2480 9
1134 2400 1358 2495 exodoratas
1377 2412 1414 2475 10

275 2522 501 2618 χέρσου-γονῇ.
534 2529 707 2617 Scrupulus
723 2537 826 2596 tamen
843 2529 919 2595 mihi
946 2535 1055 2610 restat,
1079 2553 1118 2596 an
1136 2529 1260 2606 Venus,
1276 2528 1327 2593 oui
1345 2527 1418 2591 deae

277 2663 427 2726 nusquam
445 2644 531 2726 alibi,
547 2653 696 2734 quantum
721 2669 779 2735 ego
794 2645 918 2732 quidem
935 2647 1025 2724 novi,
1041 2646 1106 2712 alae
1121 2646 1317 2724 tribuantur,
1332 2649 1417 2708 reete

275 2757 399 2826 dioatnr
422 2763 529 2842 νωμᾶν
550 2753 688 2850 manain
710 2763 843 2850 ideoque
866 2763 1045 2851 suspicabar
1077 2787 1120 2833 rs.
1152 2767 1193 2829 11
1218 2761 1417 2828 scribendum

275 2899 341 2944 assa
363 2877 396 2942 in
424 2875 508 2942 buno
532 2877 672 2944 modum:

482 2990 581 3058 ναίει
596 2982 634 3064 ,δ’
655 2989 687 3058 ἐν
709 2992 856 3062 οἰωνοῖσι
877 2992 1220 3086 ποιικιλοποὲροις.

275 3106 334 3174 11οά
361 3105 495 3175 nimium
519 3108 710 3196 suspioaoem
735 3109 841 3176 haberi
862 3133 909 3176 me
928 3109 1011 3176 uolo.

319 3223 389 3290 Neo
408 3227 512 3288 temen
533 3246 568 3288 eo
588 3227 690 3314 magis
706 3227 821 3292 retinui
832 3276 839 3306 ,
851 3227 904 3312 qui
916 3225 1102 3313 sequebatur
1114 3229 1185 3312 post
1198 3247 1241 3290 us.
1255 3225 1296 3289 11
1309 3247 1417 3290 versus

273 3339 486 3428 ineptissimus
509 3346 540 3406 et
563 3339 654 3428 plane
677 3343 814 3421 otiosus,
837 3365 927 3428 quem
944 3365 1006 3407 non
1022 3344 1084 3408 iam
1101 3341 1217 3407 dudum
1234 3342 1418 3406 oritioorum
1464 3363 1465 3449 η

274 3455 372 3522 obelis
395 3456 551 3522 confixum
576 3479 641 3524 esse
662 3460 738 3527 satis
759 3461 864 3525 mirari
888 3481 1023 3546 nequeo;
1039 3481 1161 3546 qnoque
1176 3457 1328 3536 admisso,
1344 3460 1417 3524 uni-

274 3574 354 3639 versi
393 3571 474 3653 loci,
509 3572 632 3660 pnlehri
667 3581 825 3662 tamquam
854 3577 1011 3664 corporis,
1038 3573 1199 3644 harmonia
1226 3573 1419 3640 dissolvatur

273 3711 397 3755 necesse
420 3693 475 3754 ast.
501 3687 605 3757 Habet
630 3697 733 3757 autem
755 3695 815 3758 sie:

501 3801 533 3869 ἐν
556 3805 689 3894 θηρσίν,
713 3806 746 3871 ἐν
766 3810 944 3896 βροτοῖσιν,
968 3803 1000 3872 ἐν
1022 3809 1112 3882 θεοῖς
1132 3797 1208 3872 dvo.

320 3917 457 3984 'Pandam
489 3941 533 3984 vs.
566 3920 607 3985 16
643 3943 699 4009 pro
732 3913 863 4012 Κύπρις
895 3921 1005 4008 soripai
1039 3909 1199 4008 Κύπριδι,
1231 3921 1303 4007 qnia
1339 3921 1423 3988 male

275 4037 427 4102 Graecum
445 4059 511 4102 esse
528 4043 605 4124 puto
623 4027 751 4125 Κύπρις
767 4035 972 4122 σοντὲμνεται
994 4057 1050 4125 pro
1071 4033 1235 4117 συντέμνει
1253 4028 1424 4118 τοὶ-βοο-

275 4141 429 4232 bitume.
464 4152 598 4239 Siquid
630 4159 787 4239 praeterea
822 4153 952 4232 novavi,
984 4153 1016 4218 id
1041 4154 1102 4219 feni
1125 4150 1196 4215 aliis
1219 4149 1463 4233 auctoribus

275 4268 509 4350 quorumvide‚
532 4269 575 4334 sis
582 4268 1099 4355 ‚oonieoturnsapudNauolrium.
1116 4269 1169 4358 (.11
1191 4225 1463 4360 astinetum*

279 4381 422 4472 Denique
456 4385 623 4466 addubito,
659 4407 698 4451 au
722 4391 806 4451 reeta
828 4385 983 4454 scribatur
1006 4409 1052 4456 vs.
1077 4391 1136 4454 11.
1164 4407 1233 4452 nam
1256 4393 1428 4474 exspecta-
