2946 5014
504 480 735 527 PRAEFATIO.
1150 479 1183 525 ῙΧ

67 643 182 708 octodur-
197 635 305 726 μόνου.
327 639 418 713 Quod
437 641 518 706 enim
542 639 596 704 ille
612 637 749 724 reposuit
769 633 880 728 ἐδέησέ
898 629 933 724 μ’
953 639 1030 705 male
1044 641 1184 710 cohaeret

68 783 124 826 cum
137 781 310 848 praegresso
327 758 375 828 ἐςι
395 795 432 810 -
449 751 594 846 φράζων.
617 755 742 821 Certum
763 761 809 820 est
820 757 951 841 requiri:
971 751 1111 849 φράζων
1127 752 1186 851 ὑφ’

67 867 100 942 οὗ
125 877 183 942 δεῖ
208 865 301 964 μ’Η
327 867 492 958 ἡττᾶσθαι
512 864 622 954 μόνου.
653 871 746 946 Quod
782 895 856 961 ergo
887 874 972 940 aliud
1001 876 1184 942 vocabulum

66 993 194 1059 excidere
221 991 325 1078 potuit
358 1011 447 1074 quam
481 980 620 1080 oivdqdal
640 990 745 1075 quod,
776 1013 908 1077 quaeso,
929 993 1082 1060 restituas.
1106 994 1184 1060 Mox

66 1131 101 1174 rs.
124 1111 207 1174 lael
234 1107 343 1174 haereo
359 1106 389 1169 in
410 1103 475 1170 hia:
498 1095 701 1194 Ἀριφράδης
722 1095 878 1192 πονηρός,
908 1099 991 1172 άλλά
1011 1107 1108 1175 τοῦτο
1128 1105 1187 1191 μέν

65 1213 332 1304 καέβοόλεται.
374 1219 474 1296 Vide,
500 1221 559 1296 sis,
593 1220 753 1304 sequentia
774 1227 804 1284 et
827 1221 956 1286 fortasse
987 1223 1062 1290 mihi
1099 1223 1186 1289 dabis

65 1338 237 1403 senteutiam
257 1337 317 1401 loci
342 1337 446 1423 potius
469 1337 569 1402 lavere
593 1337 788 1400 coniecturae
806 1357 887 1401 meae
909 1334 1057 1406 κάλλων
1078 1336 1185 1420 μέτα.

17 1433 18 1438 ¹
65 1454 142 1519 Otr.
164 1475 189 1518 c.
216 1453 329 1518 Herod.
353 1453 414 1530 VI,
439 1454 479 1517 68
503 1454 521 1537 q
543 1455 571 1516 3.
597 1452 718 1516 Deinde
738 1475 825 1538 spero
838 1454 918 1532 fore,
941 1458 975 1520 ut
987 1457 1186 1542 reperiantur,

66 1571 111 1655 qui
131 1591 247 1635 mecum
272 1575 308 1634 ut
327 1571 462 1656 spurium
489 1567 696 1634 condemnent
730 1590 771 1632 vs.
803 1568 977 1648 inficetum,
1011 1569 1187 1656 explicandi

64 1709 148 1752 eausa
173 1686 246 1751 olim
277 1687 467 1773 adscriptum
497 1683 535 1750 ad
569 1685 716 1750 Nunwn
748 1707 792 1749 vs.
817 1685 876 1750 26:
899 1677 1107 1776 α’νειροπολεῖ
1127 1677 1188 1772 γάρ

63 1801 110 1866 καὶ
138 1790 309 1866 καθεόδων
330 1793 473 1890 ἱππικήν.
516 1802 677 1866 confictus
714 1805 813 1864 autem
850 1801 974 1866 videtur
1009 1801 1046 1864 ad
1088 1822 1188 1864 exem-

63 1917 140 2000 plum
160 1940 202 1982 rs.
227 1919 267 1980 16
293 1907 497 2004 ὀνειροπολεῖ
519 1905 556 1978 δ’
575 1911 711 1991 ἵππους.
735 1917 853 1981 Iterum
877 1915 995 1994 dubito,
1020 1920 1190 1980 numrecte

63 2032 232 2098 Meinelrins
254 2031 287 2094 in
313 2029 451 2094 ordinem
472 2031 623 2116 receperit
649 2029 821 2098 Hermanui
838 2033 1043 2098 coniecturam
1061 2053 1104 2097 vs.
1125 2033 1188 2098 179

61 2136 217 2228 θυμάτων
237 2167 291 2233 pro
315 2135 543 2228 θοιμάτιον,
566 2145 717 2230 siquidem
738 2153 805 2213 tum
829 2172 889 2214 vox
914 2149 1103 2214 deminutiva
1126 2148 1190 2213 dis·

62 2261 168 2346 plicet,
192 2267 278 2339 tum,
307 2259 387 2346 quod
412 2259 537 2345 gravius
564 2264 628 2339 est,
659 2284 721 2327 non
752 2263 943 2353 intelligitur
976 2264 1128 2351 quomodo
1155 2265 1188 2328 in

60 2377 205 2462 palaestra
227 2381 321 2462 θῦμα
352 2375 476 2462 reperiri
499 2377 644 2463 potuerit.
668 2379 771 2452 Quare
794 2381 898 2448 videas
927 2405 965 2447 an
990 2382 1094 2469 potius
1116 2380 1190 2446 Ari-

17 2543 19 2608 l
60 2491 196 2578 stephani
208 2491 397 2557 reddendam
411 2485 583 2579 εἰλεέιιιῆς
604 2491 790 2581 παλαίςρας
809 2487 1003 2562 θυλάκιον
1024 2486 1190 2583 όφεέλετο.

17 2687 19 2692 ,
59 2608 104 2672 Cf.
126 2610 179 2674 Ar.
203 2607 287 2674 Plut.
311 2605 392 2684 763,
414 2606 521 2693 fragm.
545 2605 643 2670 Arist.
667 2628 713 2692 ap.
727 2607 884 2675 Pollucem
904 2609 940 2674 X
963 2611 1044 2687 151,
1075 2608 1190 2674 Herod.

17 2721 18 2796 l
59 2729 112 2792 III
133 2729 185 2792 46.
209 2725 274 2789 Vix
302 2743 448 2808 assequor
481 2721 633 2806 quomodo
665 2743 709 2788 va.
741 2725 806 2790 41⁷
831 2725 926 2792 lectio
956 2723 1017 2793 καὶ
1054 2749 1191 2812 γυμνα-
1308 2759 1311 2764 ·

58 2841 149 2908 αι’ων
176 2845 323 2927 corrupta
354 2860 421 2903 esse
448 2838 584 2924 potuerit
607 2859 644 2902 ex
666 2826 935 2928 κάδηφαγλας,
970 2863 1059 2926 quam
1093 2841 1190 2928 scrip-

17 2939 19 3006 λ
57 2962 156 3023 turam
186 2956 320 3022 servavit
344 2953 488 3020 Laertius
522 2951 666 3040 vulgatae
689 2951 770 3018 haud
795 2953 888 3020 dubie
911 2956 1003 3044 longe
1022 2958 1191 3045 praetereu-

57 3073 132 3139 dam.
163 3073 235 3140 Hoc
253 3095 348 3138 unum
377 3091 484 3135 moneo
515 3073 693 3134 contextum
719 3069 895 3152 admittere,
919 3073 1001 3160 quod
1025 3073 1192 3160 perexiguo

17 3167 19 3192 ’
54 3189 211 3257 literarum
242 3188 422 3254 discrimine
441 3186 547 3272 reponi
570 3185 688 3272 possit:
712 3185 804 3254 οἴνου
825 3182 853 3250 τ’
874 3178 991 3271 άπέχει
1013 3185 1080 3252 καὶ
1102 3207 1193 3268 σομ-

17 3337 19 3394 p
54 3303 380 3372 acclametur
403 3302 493 3368 litera
517 3300 664 3366 demenda
689 3301 811 3366 videtur
837 3323 880 3366 vs.
906 3305 987 3382 552:

158 3481 250 3556 οὗτοι
272 3485 309 3570 δ’,
332 3477 380 3564 αἷς
401 3481 492 3567 ἅπαξ
511 3483 701 3574 παρέδωκεν
720 3476 1055 3576 carpentoratae,

156 3605 297 3668 τοῦτον
318 3600 460 3668 δείλαιον
481 3586 656 3688 κολειρολσ’
678 3590 730 3664 ciel
751 3597 805 3665 καὶ
824 3591 882 3688 τήν
901 3597 1068 3688 μητέρα,

17 3747 19 3776 Ι
49 3782 156 3868 Lego:
181 3771 227 3844 uri
247 3769 314 3843 cdv
335 3815 374 3829 -
396 3770 563 3863 μητέρα;
586 3775 703 3840 Contra
738 3774 827 3839 binas
862 3772 983 3839 additas
1023 3774 1111 3840 velim
1149 3798 1192 3841 vs.

17 3881 18 3960 i
50 3902 113 3962 578
141 3916 207 3979 eq:
231 3888 352 3969 πλεῖςα
383 3879 443 3975 γάρ
473 3887 562 3953 θεῶν
591 3878 742 3954 ἁπάντων
772 3879 964 3978 ω’φελοῦσαι
989 3880 1046 3976 τήν
1077 3879 1192 3972 πόλιν,

17 4035 18 4074 ι
47 4003 215 4096 δαιμόνων
225 3997 299 4094 ἡμῖν
308 3993 422 4086 μόναις
438 3989 479 4066 οδ
499 3991 593 4065 elo'
615 3997 692 4067 ον’δέ
714 3999 878 4068 σπένδετε.
902 4003 990 4077 Quae
1010 4005 1090 4069 enim
1108 4027 1192 4070 nune
1256 4078 1262 4090 .

47 4128 95 4193 n'x
113 4122 298 4199 cohaerent,
317 4118 433 4206 optime
443 4113 608 4195 habebunt,
621 4115 674 4181 ubi
688 4118 847 4204 scripseris
860 4141 867 4182 :
880 4118 1000 4198 πλεῒςα
1021 4113 1082 4206 γάρ
1104 4120 1194 4184 θεῶν

44 4233 204 4308 ἁπάντων
226 4223 436 4323 ὠφελούσαις
465 4221 522 4318 τῆν
550 4221 646 4297 πόλιν
667 4221 828 4315 δαιμόνων
850 4227 885 4297 δ’
904 4221 979 4320 ἡμῖν
1008 4220 1122 4312 μόναις
1153 4223 1195 4297 οδ

43 4346 138 4424 δέδετ’
163 4341 246 4417 odet
266 4344 432 4414 σπένδετε.
451 4345 585 4433 Iungae:
608 4335 682 4434 ἡμῖν
701 4335 764 4434 γάρ
787 4344 906 4426 πλεῖςα
922 4343 1012 4410 θεῶν
1032 4333 1193 4428 δαιμόνων
