2974 5016
659 517 744 582 13.

120 721 294 787 pronomen
313 701 402 784 αὐτῷ
422 709 608 789 propterve.
625 703 664 766 4:
684 702 706 764 ἅ
727 723 791 764 σοι
813 700 970 783 ovim?
984 703 1085 767 ἐστιν.
1100 703 1242 786 vestigio

120 814 278 897 genuinae
308 815 452 880 leotionie
482 801 620 882 servavit
643 813 774 880 Suidas:
798 820 898 896 τριῶν
923 819 1025 891 γοῦν
1050 820 1162 878 κακῶν
1186 836 1240 880 ex-

121 925 250 1010 hibens,
270 926 355 993 unde
373 932 486 1012 poetae
497 947 625 993 manum
637 928 759 993 restitui
770 947 864 1013 posse
875 928 1030 1012 suspicor,
1043 929 1070 993 si
1081 928 1238 1010 legamus:

231 1042 342 1123 Τριῶν
367 1042 444 1124 γὰρ
468 1039 512 1104 ἓν
537 1043 648 1103 κακῶν
673 1037 781 1103 ἕλεσθ’
808 1040 938 1104 αὐτοῦ
963 1039 1040 1104 ’στι
1065 1039 1141 1103 πᾶσ’

929 1153 1058 1236 α’νάνκη
1082 1157 1150 1216 κτὲ.

165 1263 282 1328 Αὐτοῦ
312 1267 420 1352 aoeipe
450 1265 491 1332 de
520 1265 780 1332 Athenarum
809 1267 896 1332 urhe.
920 1268 975 1333 Vs.
998 1269 1021 1332 4
1042 1268 1141 1352 probo
1163 1266 1240 1333 hiei-

121 1377 210 1443 nekii
231 1378 460 1448 coniecturam:
484 1381 610 1444 ταυτί
637 1384 688 1443 τὰ
712 1380 809 1463 τρία
834 1379 1044 1463 Θηραμένους
1069 1384 1135 1444 κ’τέ.

166 1603 244 1687 Peg.
268 1605 343 1670 886.
367 1604 652 1690 Cephisodoti
675 1609 764 1669 ΤΟΣ
786 1607 824 1671 sn.
850 1607 894 1672 V:

166 1716 280 1782 Pollux
306 1718 348 1782 X.
383 1719 463 1783 110:
495 1722 552 1783 τὸν
585 1719 619 1781 δέ
653 1717 818 1802 φρυγέα
850 1721 904 1781 καί
939 1717 1040 1784 αὐτὸν
1065 1719 1108 1793 oie
1132 1721 1241 1792 σκεῦος

120 1835 325 1914 μαγειρικόν,
352 1831 415 1895 εἴτε
441 1835 477 1895 τὸ
501 1831 649 1911 ἀγγεῖον,
676 1833 711 1896 ἐν
735 1819 763 1916 ᾦ
785 1831 940 1914 ἐφρυγον,
968 1831 1032 1894 εἴτε
1057 1835 1093 1896 τὸ
1122 1833 1241 1915 φριίγτ-

121 1967 213 2027 τρον,
238 1946 281 2017 ὥς
304 1947 322 2006 ό
345 1946 484 2026 κωμικὸς
506 1945 699 2027 Θέοπομπος
720 1947 756 2010 ἐν
773 1950 930 2029 Σειρῆσιν
950 1942 1240 2028 δποδηλοῖλίγων,

123 2059 313 2145 ἦΦρυνεδς,
348 2060 460 2137 θυεία,
494 2057 660 2138 λη’κυθος”
691 2063 832 2141 καὶμὴν
858 2061 913 2121 καί
941 2056 1180 2141 Κηφισοδώρου
1206 2059 1240 2122 ἐν

121 2171 180 2234 ‘Ti'
199 2174 359 2245 εἰπόντος·

377 2285 539 2367 σπονδὴ
565 2285 600 2350 δέ
624 2289 713 2372 παρὰ
737 2291 804 2352 τῶν
828 2285 976 2352 ὁλκάδων

255 2401 326 2463 καί
351 2407 720 2483 καταφαντισγός.

166 2511 285 2578 Teneo:

378 2626 540 2709 σπουδὴ
566 2626 600 2692 δι’
625 2631 715 2714 παρὰ
739 2631 805 2694 τῶν
830 2625 978 2694 ὁλκάδων

256 2741 312 2803 καί
336 2745 646 2826 φρυνανισμός·

119 2852 143 2918 i.
165 2872 192 2918 e.
211 2853 383 2939 festinatio
400 2877 422 2924 ο
441 2856 583 2924 noviens
603 2857 768 2924 actuariis
787 2862 1076 2923 οισοντυοοίονααι
1088 2854 1244 2921 collectio.

122 2965 175 3032 Of.
198 2967 376 3055 Thucydid.
400 2969 473 3037 VH.
499 2971 556 3037 13:
585 2973 625 3036 τὰ
650 2969 685 3034 δι’
710 2969 913 3055 πληρώματα
938 2968 993 3033 διὰ
1017 2968 1090 3034 τόδε
1115 2971 1243 3052 ἐφθάρη

122 3107 158 3147 τι
191 3089 267 3164 ἡμῖν
300 3087 356 3150 καί
389 3084 438 3149 ἐτι
471 3093 530 3152 νῦν
563 3087 748 3172 φθείρεται,
783 3093 865 3152 τῶν
898 3093 1069 3151 ναυτῶν
1093 3089 1159 3149 τῶν
1182 3087 1243 3166 μὲν

123 3197 182 3261 διὰ
205 3201 506 3282 φρυγανισμὸν
532 3201 587 3264 καί
611 3203 764 3286 ἁρπαγὴν
789 3204 844 3265 καί
868 3199 1002 3285 ὑδρείαν
1026 3202 1155 3285 μακρὰν
1179 3197 1243 3260 ὑπὸ

121 3315 192 3378 τῶν
217 3313 343 3380 ἱππίων
368 3313 619 3398 ἀπολλυμένων,
644 3316 684 3382 ol.
707 3315 750 3383 ib.
774 3316 841 3382 0.4
864 3317 917 3380 ἐπί
942 3317 1243 3400 φρυνανισμὸν

121 3430 193 3512 ἅμα
217 3432 309 3493 ὁπότ’
334 3427 504 3503 ἐξέλθοιεν
529 3432 561 3494 oi
583 3434 714 3496 ναῦται.

169 3654 248 3741 Peg.
272 3657 347 3724 947.
371 3657 672 3744 Aristophanis
695 3655 1062 3721 ΑΙΟΛΟΣΙΚΩΝΟΣ
1084 3655 1122 3721 fr.
1145 3653 1194 3720 X:

435 3775 491 3837 καί
516 3770 748 3859 διαστίλβονθ’
773 3775 896 3857 δρῶμεν

434 3886 538 3971 ὥςπερ
563 3889 606 3952 ἐν
631 3911 738 3952 κενω
765 3885 941 3972 λυχνοδχω

435 4006 546 4065 πάντα
574 4007 631 4082 τῆς
656 3998 822 4082 ἐξωμίδος.

170 4111 226 4180 Vs.
257 4115 279 4180 2
308 4111 438 4180 exhibui
467 4120 503 4180 nt
532 4113 628 4180 habet
656 4113 775 4198 oodex,
800 4113 874 4197 quie
896 4112 978 4178 mele
1000 4113 1097 4196 vulgo
1119 4118 1245 4197 recepto

123 4234 175 4296 ert
198 4227 344 4296 Salmeeii
362 4228 526 4296 eorrectio:
547 4229 582 4292 ἐν
604 4233 708 4313 καινῷ
734 4225 915 4314 λυχνούχῳ.
936 4227 1018 4296 Nom
1034 4225 1140 4294 nullus
1155 4225 1243 4292 loeus
