2990 5012
652 507 694 574 37

246 703 364 784 ημῖν,
389 698 471 764 ὅταν
494 693 689 780 νιγνὼμεθ’,
715 694 814 772 εὐθιίς
838 701 859 780 η
881 698 962 784 τιίχη

246 810 459 900 προογίγνεθ’
485 803 589 877 οὖσα
613 814 770 893 συγγενὴς
794 816 840 896 τῷ
865 814 1001 895 σώματι·
1027 816 1094 878 uri.

157 1007 236 1090 Pag.
262 1003 939 1087 17.11A1'KPAT1A2TOTfragm.1:

247 1117 368 1183 καύτόν
393 1143 425 1181 τι
450 1121 620 1202 πράττειν,
646 1115 683 1181 οὐ
706 1119 808 1198 μόνον
833 1119 892 1191 τὰς
917 1114 1053 1192 ἐλπίδας

247 1235 299 1296 ἐπί
325 1239 365 1316 τῇ
388 1237 469 1316 τείχη
495 1237 566 1316 χρη,
591 1229 741 1310 παιδίον,
767 1236 901 1296 πάντων
926 1230 1015 1317 ἐχειν

246 1334 294 1411 ὧν
318 1344 473 1431 βοιίλεταί
496 1369 557 1420 τις.
584 1343 669 1408 α’λλοὶ
693 1348 764 1409 καί
789 1349 841 1428 τῷ
866 1353 907 1430 τῇ
929 1349 1010 1431 τείχη

247 1457 539 1545 συλλαμβάνεσθαι
565 1461 645 1542 ῥᾷον
670 1465 691 1540 η’
713 1463 795 1544 τιίηη
819 1465 919 1537 ποιεῖ,

247 1575 304 1638 ἐὰν
328 1571 403 1655 μεθ’
428 1572 540 1656 ἐτέρου
564 1575 673 1651 τοῦτο,
697 1576 740 1656 μὴ
763 1577 860 1656 μόνη,
886 1579 975 1656 ποιῇ.

160 1686 428 1771 Distinguendum
452 1693 484 1752 ot
506 1685 743 1770 corrigendum:

625 1837 670 1848 —
693 1798 730 1864 οὐ
753 1801 854 1882 μόνον
879 1801 938 1874 τὰς
962 1797 1097 1874 ἐλπίδας

248 1913 301 1976 ἐπί
326 1919 367 1997 τῇ
390 1915 470 1999 τείχη
496 1917 567 1998 χρη,
593 1911 741 1992 παιδίον,
766 1916 901 1978 πάντων
926 1911 1014 1998 ἐήειν

247 2013 294 2092 ὧν
319 2025 472 2112 βοιίλεταί
496 2051 558 2105 τις,
585 2025 670 2091 οἰλλοί
694 2025 855 2092 καύτὸν
880 2033 921 2110 τῇ
943 2029 1025 2112 τείχη

247 2138 552 2226 συλλαμβάνεσθαι·
580 2143 660 2223 ῥᾷον
684 2146 705 2222 η
728 2141 809 2226 τείχη
833 2146 934 2218 ποιεῖ,

248 2255 305 2319 ἐὰν
328 2253 403 2336 μεθ’
429 2252 540 2338 ἐτέροο
564 2257 672 2333 τοῦτο,
697 2258 739 2336 μὴ
763 2259 860 2337 μόνη,
885 2261 975 2337 ποιῇ.

160 2369 214 2436 Vs.
239 2370 260 2434 3
283 2369 355 2435 libri
377 2369 495 2434 habent
519 2370 574 2432 καί
600 2369 649 2446 τό,
675 2368 760 2454 quod
782 2369 866 2436 molo
888 2367 1025 2436 correxit
1048 2365 1186 2434 Grotius.

159 2559 236 2643 Psg.
261 2559 314 2624 39.
338 2559 419 2624 Ino.
443 2559 536 2624 Fab.
560 2557 673 2642 fragm.
697 2557 792 2623 XVI:

248 2669 311 2747 ἐγὼ
337 2667 435 2734 λίθον
459 2671 519 2751 μὲν
545 2674 604 2750 τὴν
629 2671 778 2755 Νιόβην,
802 2671 847 2752 μὰ
871 2671 946 2744 τοιίς
970 2673 1079 2749 θεοιίς,

248 2781 398 2848 οὐδέποτ’
424 2781 582 2866 ἐπείσθην
604 2781 679 2848 οὐδὲ
705 2787 764 2849 νῦν
788 2789 1021 2866 πεισθήσομαι,

247 2898 291 2972 ὥς
315 2895 424 2962 τοῦτ’
450 2895 571 2975 ἐγίνετ’
596 2901 787 2981 ἄνθρωπος·
813 2901 880 2960 κτὲ.

161 3014 337 3079 Immonom
356 3011 588 3078 anacoluthiam
608 3012 704 3078 simul
724 3018 756 3078 et
778 3010 998 3078 soloecismum
1022 3009 1114 3076 facile
1137 3031 1236 3077 romo-

114 3146 192 3192 veas
211 3124 394 3210 reponendo
413 3145 460 3192 vs.
482 3127 519 3191 3:
540 3127 583 3199 ὡς
606 3123 726 3200 ἐγίνετ’
748 3115 823 3188 οὖο’
844 3127 1033 3208 ἄνθρωπος.
1055 3124 1145 3191 VM
1163 3123 1237 3191 scri-

113 3238 254 3306 bendum
276 3237 390 3323 partim
413 3258 432 3304 o
454 3239 606 3304 Brunokii
629 3239 742 3326 partim
766 3259 784 3305 ο
807 3237 943 3305 Nauokii
969 3237 1164 3305 ooniooturo:

227 3349 272 3416 οὐ
297 3349 453 3415 πώποτ’
479 3353 637 3435 ἐπείσθην
662 3351 736 3417 οὐδὲ
763 3355 859 3418 νονί
884 3353 1105 3434 πείθομαι.

160 3467 202 3532 Et
232 3465 391 3547 πείθομαι
415 3465 511 3532 habet
533 3466 719 3550 scholiasta,
745 3466 821 3532 dum
844 3487 885 3532 ox
907 3465 1074 3534 Eustothio
1096 3464 1138 3532 ad
1161 3483 1235 3531 eun·

113 3579 189 3647 dem
212 3581 317 3646 locum
340 3585 500 3665 receptum
524 3587 573 3645 est
596 3585 827 3662 πεισθήσομαι.

160 3771 238 3870 θος.
261 3769 315 3836 43.
339 3768 452 3855 fragm.
477 3769 604 3834 XXVI:

250 3884 333 3948 Θεὸν
359 3881 467 3964 νόμιζε
494 3884 549 3946 καί
574 3880 683 3968 σε’βοο,
711 3869 858 3962 [virosos
882 3884 937 3963 μή·

250 3995 364 4062 πλεῖον
389 4000 450 4080 γὰρ
475 3995 571 4062 οὐδὲν
595 3994 678 4060 ἄλλο
702 3999 774 4061 τοῦ
800 3995 908 4078 ζητεῖν
934 3993 1028 4080 ἐχεις.
1054 3997 1120 4058 κτέ.

160 4111 280 4177 Sensus
303 4131 350 4178 vs.
375 4113 395 4176 2
419 4131 490 4177 osso
512 4109 608 4178 dobot
629 4111 699 4177 hio:
725 4109 815 4177 nihil
838 4108 926 4176 enim
944 4107 1081 4196 proficis
1104 4108 1236 4176 inoesti-

115 4223 246 4314 9ando,
270 4243 367 4308 quaro
390 4223 512 4290 Graeco
534 4223 579 4290 sio
601 4223 789 4309 corrigenda
811 4229 900 4290 sunt:
