2944 5002
633 335 675 418 Ικν

22 487 24 574 ί
90 543 147 588 cum
173 522 370 613 palimpsesto
401 521 577 587 Vaticano:
610 523 661 588 ε’τί
689 521 844 602 Σατνρίον
866 523 1032 602 βεβαῶτα.
1085 519 1176 608 Quod
1200 543 1249 587 se·

91 645 177 731 quitur
213 644 398 710 vaticinium
435 665 585 709 mancum
615 643 712 709 habet
745 665 868 710 rersnm
903 643 1076 710 secundum
1112 641 1248 714 ἐλθόντες

22 791 24 858 Ι
90 766 197 839 Σικελίην
228 763 326 846 χθόνα
360 763 477 830 ναίετον
500 762 616 847 όίρκφνι,
648 785 743 852 quem
766 761 903 853 eleganti
926 764 1106 830 coniectura
1130 763 1250 828 sanarit

22 933 24 1008 p
90 881 204 952 Gobetus
237 886 272 950 in
308 883 378 950 Van.
415 884 506 950 Lect.
543 907 575 974 p.
593 887 679 984 ‚329
712 885 829 954 inserto
864 882 1016 949 adiectiro
1051 885 1149 959 καλίην
1180 895 1254 974 post¹

22 1009 23 1038 ί
90 1006 213 1083 Σικελίην,
234 1003 320 1094 quod
343 1002 532 1070 adiectiraun
554 1026 612 1070 cur
633 1005 784 1094 perierit,
808 1027 872 1069 non
896 1027 974 1095 opus
997 1017 1043 1071 est
1065 1017 1101 1069 ut
1125 1003 1250 1071 addam.

22 1107 23 1152 ί
123 1125 287 1215 lnlragm.
315 1123 438 1192 XXVII
460 1126 551 1192 initio
574 1126 726 1216 pessimae
751 1125 935 1191 Graecitatis
958 1138 1003 1192 est
1026 1134 1081 1202 τῆς
1102 1126 1252 1206 θυγατρός

91 1250 164 1312 αὐτοῦ
185 1247 365 1331 φθαρείσης.
404 1246 551 1312 Vitiare
578 1250 748 1337 virginem
780 1247 899 1313 Graece
928 1247 1044 1313 dieitur
1072 1247 1253 1330 διαφθείρειν

89 1367 156 1447 κόρην
177 1392 201 1434 s.
227 1367 388 1448 παρθένον,
412 1389 475 1457 qua
497 1369 531 1433 in
553 1389 587 1433 re
610 1390 675 1432 non
698 1367 758 1433 nisi
780 1368 849 1434 laer
870 1368 1096 1434 Graeculorum
1116 1389 1251 1457 praepo-

91 1487 212 1554 sitionem
242 1487 371 1552 omittit.
421 1487 514 1554 Haud
545 1483 1098 1578 minusabsurdoritioinquinata
1123 1490 1252 1555 suntin

90 1603 118 1669 lr.
149 1607 252 1674 XXIX
288 1608 399 1674 verba:
444 1608 577 1690 εὑρόντες
596 1605 740 1686 θατελον
763 1610 1054 1690 τεριτετλεγαένην
1078 1613 1194 1692 ἐρινεῷ,
1217 1612 1253 1676 τὸ

90 1729 236 1807 λεγόμενον
254 1730 473 1812 ἀρσενόθηλυν,
493 1728 618 1796 ἔκτισαν
634 1711 742 1807 νεόλιν,
763 1753 844 1819 quae
857 1753 920 1795 non
932 1754 1007 1796 sena
1026 1743 1138 1810 erunt,
1152 1733 1254 1822 prius-

91 1871 166 1936 quam
201 1851 388 1940 expunxeris
430 1863 614 1940 corruptum
655 1852 970 1941 interpretamentum
987 1875 991 1885 ’
1011 1853 1046 1916 τὸ
1088 1851 1256 1930 λεγόμενον

88 1969 284 2049 όρσενόθηλιιν,
316 1969 401 2059 quod
425 1971 501 2036 olim
524 1994 561 2037 er
584 1973 672 2061 ipso,
697 1972 829 2060 opinor,
854 1971 1002 2036 vaticinio
1024 1973 1058 2036 in
1081 1971 1167 2037 hunc
1190 1973 1256 2038 sere

22 2157 23 2178 p
90 2091 197 2158 nodum
232 2093 266 2157 in
293 2092 435 2180 margine
460 2091 653 2181 adscriptum
675 2091 755 2156 luit:
782 2093 869 2158 κατόι
892 2092 1118 2171 τὸλεγόμενον
1141 2091 1256 2173 ἄρσενα

91 2214 174 2287 θῆλυς.
235 2213 269 2280 si
307 2235 414 2280 rereru
453 2213 522 2278 vitis
562 2211 721 2306 quoddam
755 2237 854 2303 genus
888 2227 987 2293 esset,
1024 2212 1110 2303 quod
1146 2213 1257 2280 Graeci

88 2333 268 2412 έρσενόθηλνν
281 2334 552 2424 nuncupaverint,
566 2347 651 2400 certe
663 2335 994 2422 scribendum'fuisset:
1020 2337 1075 2410 την
1087 2335 1257 2415 λεγομένην

88 2455 281 2534 όρσενόόηλκιν.
330 2455 482 2521 Mulierus
515 2467 621 2521 autem
644 2455 748 2521 dedit:
775 2459 827 2522 τόν
849 2456 1016 2536 λεγόμενον
1042 2456 1257 2537 ἀρσενόθηλυν,

87 2571 157 2640 lacto
174 2576 368 2642 substantivo
391 2599 427 2642 er
450 2577 578 2642 nomine
602 2575 765 2642 adiectiso.
802 2577 992 2665 Fragmento
1016 2575 1143 2656 XXXI,
1168 2579 1257 2642 cuius

86 2717 146 2782 pars
175 2699 263 2787 prior
295 2697 408 2762 misere
443 2707 590 2786 corrupta
624 2707 690 2775 est,
727 2697 902 2762 acutiorum
937 2719 1032 2764 curae
1063 2696 1193 2774 relicto,
1225 2708 1257 2761 et

22 2899 23 2920 Χ
87 2815 173 2882 σίκλον
201 2817 348 2884 restituto
383 2817 549 2908 participio
579 2817 679 2883 futuri
713 2823 996 2896 καταγγελοῦντας
1029 2818 1087 2904 (vs.
1120 2815 1176 2904 27)
1200 2839 1258 2906 pro

86 2952 153 3024 pan.
189 2941 340 3030 temporis
371 2938 542 3029 praesentis
557 2937 868 3018 ,καταγγέλλοντας,
891 2941 925 3005 in
948 2939 1059 3006 eodem
1082 2939 1259 3028 fragmento

87 3059 189 3147 triplici
204 3059 321 3126 mendo
339 3059 474 3125 liberare
497 3059 657 3137 conabor,
681 3081 762 3148 quac
785 3059 880 3125 rerba
903 3059 1054 3148 leguntur
1075 3061 1109 3124 in
1129 3059 1256 3125 ricinia:

85 3188 136 3252 τοῖς
162 3183 219 3260 μὲν
251 3181 355 3265 φίλοιο
385 3183 581 3261 παρήγγειλε
612 3179 681 3250 τοὺς
712 3179 856 3261 πρέσβεις
881 3179 1060 3256 ἐκδέξασθαι
1081 3178 1134 3246 καί
1154 3203 1258 3261 ταρα-

85 3309 180 3368 καλεῑν
212 3301 264 3368 ε’νεί
289 3299 401 3376 ξενίαν.
447 3299 529 3366 Nam
557 3323 661 3390 neque
685 3299 867 3382 delingentes
893 3299 1012 3367 Graece
1036 3315 1082 3367 est
1107 3304 1259 3392 hospitio

22 3501 23 3508 ἵ
87 3427 256 3514 excepere,
288 3422 342 3489 sed
365 3421 509 3504 δέχεσθαι
530 3434 562 3487 et
584 3421 790 3504 ὑποδέχεσθαι
812 3423 845 3487 in
869 3445 907 3489 ea
925 3445 959 3488 re
983 3436 1055 3489 sunt
1075 3421 1258 3500 sollemnia,

85 3565 176 3632 neque
196 3553 396 3626 παρακαλεῖν
412 3544 487 3610 ferri
504 3555 606 3633 potest
625 3566 682 3633 pao
702 3541 942 3625 παρακαλέσαι,
963 3567 1067 3632 neque
1087 3544 1136 3608 ἐντί
1157 3541 1259 3619 ξενίαν

86 3661 186 3731 Graeci
210 3664 342 3744 dicum,
367 3663 420 3729 sed
443 3664 494 3728 ἐντί
517 3663 613 3740 ξένια.
660 3662 908 3742 Rescribendum
931 3665 1039 3753 igitur:
1063 3664 1260 3745 παρήγγειλε

82 3787 142 3858 τοὺς
173 3786 322 3867 πρέσβεις
355 3783 500 3862 δέξασθαι
534 3783 958 3872 (ΠΡΕΕΒΕΙΟΔΕΞΑΟΘΛΙ
990 3807 1049 3874 pro
1070 3795 1261 3852 npecnel-

82 3907 381 3993 texueenceffl)
429 3905 482 3970 καί
530 3905 749 3986 παρακαλέσαι
782 3904 833 3970 ἐντί
864 3902 959 3982 ξένια.
1009 3904 1174 3996 Denique,
1207 3907 1260 3973 sed

81 4024 133 4093 hoc
174 4029 305 4094 leuasse
350 4027 474 4092 reniam
511 4026 608 4092 habet
643 4027 727 4116 opud
762 4027 890 4093 seriores
912 4027 959 4113 ¹),
1002 4029 1158 4094 constanti
1192 4051 1260 4094 our-

22 4257 23 4278 t
86 4256 218 4271 .—

22 4413 24 4466 t
111 4386 140 4454 t)
181 4383 236 4453 Qui
266 4393 354 4440 tamen
391 4383 462 4440 νοιίιί
495 4385 671 4459 παρακαλεῖν
705 4403 783 4439 usum
819 4383 959 4458 diligenter
986 4383 1197 4452 consideraverit,
1226 4403 1261 4440 ne

22 4471 23 4514 ἶ
77 4474 219 4532 Diodorum
242 4477 349 4554 quidcrn
372 4477 408 4532 sic
430 4477 540 4532 scribere
564 4478 676 4551 potuisse
700 4477 749 4531 sibi
770 4477 941 4550 persuadebit.
981 4475 1104 4545 Dederat,
1121 4476 1149 4530 ni
1168 4475 1259 4548 fallor,

22 4541 24 4656 ί
77 4570 279 4646 παραλαβεῖν
299 4571 346 4629 ἐπὶ
365 4571 454 4635 ξὲνεοι.
479 4575 741 4629 ΠΑΡΑΛΑΒΕΙΝ
758 4570 823 4626 atriis
842 4573 869 4626 in
888 4571 1157 4640 ΠΑΡΛΒΛΛΕΙΝ,
1178 4573 1258 4648 unde,

74 4665 186 4724 «araturis
208 4667 239 4723 do
258 4688 327 4725 nrore
347 4669 442 4723 littoris
462 4667 480 4738 β
499 4677 525 4722 et
546 4689 577 4737 ιι,
597 4677 689 4724 natum
710 4676 747 4721 cst
767 4668 949 4741 παρακαλεῖν.
