2946 5014
822 379 862 442 28

319 553 496 623 Meiuelrius
519 577 564 620 vs.
588 555 607 620 λ
631 552 827 620 scribendum
852 555 1045 642 suspicetur:

499 671 602 758 θειρῖ
624 661 747 754 ξάνεςιν
766 659 888 760 ἱμέρῳ
912 659 1149 759 τεθραμμένος.

268 763 283 786 ’
319 785 446 854 Malim:

492 891 586 990 η’θει
605 892 729 982 ξὺνεςω
747 889 881 989 ἡμέρῳ
907 890 1161 991 κεκραμένος.

276 1015 377 1082 Omisi
400 1039 469 1081 oum
494 1015 633 1103 Bergkio
658 1037 700 1079 vs.
725 1016 762 1092 3,
785 1016 839 1101 qui
862 1015 1007 1082 huonon
1032 1017 1193 1105 pertineat.

321 1365 436 1434 Athen.
471 1365 521 1432 XI
556 1389 584 1453 p.
620 1367 684 1432 783
720 1365 788 1431 fim:
812 1355 943 1452 λέγουσι
969 1365 1007 1433 δέ
1035 1363 1089 1432 καὶ
1117 1354 1264 1451 πρόχουν
1290 1354 1404 1456 άρυςικ.

279 1481 464 1572 Σοφοκλῆς·

483 1585 576 1682 κακή
596 1590 701 1668 κακῶς
720 1583 761 1657 σύ
779 1584 867 1676 πρός
883 1592 972 1658 θεῶν
988 1583 1160 1682 ὀλουμένη,

481 1697 502 1795 ἢ
521 1698 580 1780 τάς
596 1695 727 1792 άρέςενς
746 1695 805 1772 ὧδ’
820 1697 928 1788 ἔχοοσ’
948 1699 1125 1790 ἐκώμασας.

322 1822 371 1888 Ex
404 1821 531 1909 iugenio
563 1819 669 1886 addidi
694 1811 789 1910 κακή,
824 1819 905 1905 quod
939 1819 1024 1886 abest
1059 1843 1075 1884 u
1109 1819 1285 1892 codicibus.
1316 1817 1409 1905 quod-

277 1961 337 2026 que
359 1961 420 2025 quo
444 1959 544 2004 errore
566 1935 733 2014 exciderit,
756 1935 856 2025 pulum
879 1942 935 2002 est.
961 1937 1074 2004 Mirum
1099 1938 1319 2004 correctionem
1340 1933 1409 1999 odeo

279 2059 392 2122 certum
424 2052 606 2140 facilemque
628 2076 691 2120 nou
714 2052 894 2119 iamdudum
919 2052 957 2120 ab
980 2053 1050 2120 uliis
1072 2077 1138 2120 esse
1167 2055 1288 2120 tactum.

324 2396 408 2463 Plut.
432 2392 542 2461 Moral.
572 2416 601 2481 p.
625 2397 707 2461 458:
734 2393 800 2461 καλ·
820 2389 876 2462 τᾶν
907 2386 1141 2479 Νεοπτόλεμον
1173 2392 1345 2483 Σοφοκλῆς
1363 2389 1413 2457 καὶ

279 2505 336 2578 τᾶν
359 2499 550 2600 Εὖράπολον
572 2500 713 2584 ὁπλίσας
738 2498 957 2592 ’Ἐκάμπασ
978 2498 1244 2598 ἀλοιδόρητα,
1269 2506 1370 2595 φησίν

508 2612 685 2712 ἐρρηξάτην
706 2621 739 2697 ἐς
760 2613 858 2688 κέκλα
878 2620 1021 2708 χαλκέων
1041 2615 1160 2688 ὃπλων.

325 2737 478 2804 Codicum
501 2737 634 2825 uestigio
658 2759 798 2826 premens
822 2739 962 2804 conieci:

838 2840 1068 2941 μεσομφάλοις
1088 2838 1170 2940 δόρη

510 2953 688 3052 ἐρρηξάτην
706 2953 886 3031 κάκλοισι
906 2961 1049 3049 χαλκέων
1070 2954 1190 3030 ὅπλων.

280 3080 302 3147 i.
336 3102 361 3146 e.
384 3081 554 3166 froumunt
598 3080 707 3146 tactas
740 3089 847 3148 contro
877 3080 1007 3167 clypeos.
1044 3077 1154 3169 clypei
1180 3099 1250 3142 vero
1285 3099 1302 3142 o
1331 3080 1416 3163 poeto

281 3201 389 3264 oruutc
422 3195 571 3262 dicuutur
593 3184 805 3285 μεσόμφαλοι
825 3185 935 3260 κύκλοι
956 3191 1098 3279 χαλκέων
1120 3185 1240 3260 ὅπλων.
1268 3191 1418 3260 Similiter

281 3312 434 3401 Agathius
465 3310 555 3398 upud.
587 3309 701 3377 Athen.
731 3309 778 3376 X:
808 3310 875 3376 454
907 3309 935 3374 d.
962 3308 1083 3374 litorum
1116 3307 1146 3372 Θ
1175 3312 1267 3374 uoout
1299 3297 1420 3390 μεσόμ-

283 3426 391 3515 φαλον
418 3421 550 3512 κύκλον,
574 3427 688 3515 quippe
710 3449 787 3512 quae
826 3425 927 3513 clypei
962 3427 1090 3492 sormam
1124 3429 1268 3492 accurate
1302 3423 1419 3488 referet.

282 3541 466 3628 corruptele
488 3543 534 3608 sic
559 3543 682 3610 videtur
704 3541 905 3630 explicando,
928 3546 964 3608 ut
979 3563 1130 3630 ponemus
1145 3539 1305 3608 librarium
1318 3538 1420 3604 uesoio

283 3681 373 3744 quem
397 3659 472 3725 olim
495 3660 528 3725 iu
552 3660 633 3727 libro
657 3662 721 3726 situ
748 3683 784 3726 ec
805 3657 939 3724 'madore
968 3663 1131 3744 corrupto,
1165 3657 1321 3723 iuvenisse
1343 3655 1420 3720 huuc

284 3777 486 3863 scripturum:
526 3778 1001 3844 ..E..OM..AAOI..AOPH
1021 3778 1169 3840 ΦΗΣΙΝ
1210 3778 1241 3840 et
1279 3773 1317 3840 de
1354 3793 1421 3836 scn-

284 3891 381 3956 tentia
406 3913 547 3957 securum
576 3889 765 3978 supplevisse
788 3875 948 3970 ἐκόμττοσἱ
970 3876 1165 3975 άλοιδόρητά
1188 3885 1304 3976 φησίν,
1328 3909 1420 3973 quum

286 4007 441 4073 debuisset
468 3997 699 4096 μεσομφάλοις
724 3993 806 4092 δόρη
831 3997 948 4090 φησίν,
978 4005 1009 4065 ct
1032 4001 1176 4066 similiter
1198 4025 1241 4066 vs.
1265 4004 1303 4081 2,
1326 4025 1419 4090 quum

285 4127 456 4212 superesset
479 4127 615 4198 KYKA,
637 4118 829 4208 supplevisse
849 4113 882 4190 ἐς
901 4109 1000 4184 κύκλα
1017 4137 1072 4203 pro
1098 4107 1251 4184 κὺκλονοι.
