2932 5004
650 323 711 386 175

129 511 259 590 πτισχοῦ
283 509 339 586 μὲν
363 508 425 590 νάρ
448 507 535 588 βίος,
555 505 586 572 ὃν
609 507 648 571 σὺ
671 504 794 584 λέγεις,
818 504 871 586 ζῆν
892 505 956 570 ἐστὶ
977 503 1070 583 μηδὲν
1091 499 1206 584 ἔχοντα
1214 547 1225 580 ,

132 633 183 694 τοῦ
208 628 240 693 δὲ
264 627 390 704 πένητος
415 629 468 710 ζῆν
492 627 668 712 φειδόμενον
692 627 745 692 καί
769 634 832 698 τοῖς
856 623 952 706 ἔργοις
976 623 1184 705 προσέχονται,

130 749 365 829 περιγίγνεσθαι
389 750 415 814 δ’
439 751 522 831 αὐτῷ
545 749 673 830 μηδέν,
693 750 742 827 μη
761 746 888 825 με’νποι
908 746 991 823 μηδ’
1012 744 1190 811 ἐπιλείπειν.

85 869 208 936 Eadem
243 871 365 936 ratione
398 871 480 950 hoc,
518 893 613 960 quern
636 883 824 948 tractamus,
849 868 918 934 loco
942 867 1145 956 grammatica
1169 864 1272 952 requi·

85 1003 190 1056 reret:
217 991 252 1056 οῦ
272 991 375 1068 μέντοι
401 993 490 1058 οῦδὲ
513 999 666 1075 χαλεπῶς
687 993 750 1058 κσὲ.
784 989 864 1065 Sed,
889 1002 925 1054 ut
937 990 999 1054 iem
1012 987 1093 1065 dixi,
1115 986 1274 1074 sequiores

83 1109 133 1176 his
152 1109 277 1200 legibus
300 1113 400 1178 teneri
423 1136 487 1178 non
508 1112 667 1180 ridentur.

130 1231 210 1320 Peg.
246 1236 309 1311 30,
349 1237 392 1298 36
426 1231 451 1321 8
484 1239 522 1298 5:
559 1233 715 1313 βούλομαι
746 1232 802 1310 μὲν
825 1231 878 1308 ἤδη
905 1231 1141 1296 πεπαῦσθαι
1163 1227 1272 1306 λέγων.

84 1350 178 1417 Haeo
206 1374 270 1418 non
301 1353 400 1442 magis
432 1353 552 1420 Graeca
583 1351 748 1431 ridentur,
779 1375 874 1442 quem
903 1351 1053 1418 Latinum
1076 1351 1172 1416 foret:
1200 1349 1275 1414 volo
1333 1373 1341 1388 ·

73 1471 190 1558 finem
212 1473 348 1560 secisse
376 1472 538 1552 dicendi,·
572 1475 679 1562 itaque
710 1474 815 1538 minus
845 1474 953 1562 inepte
976 1472 1134 1561 legeretur
1155 1469 1275 1536 παῦε-

84 1595 199 1670 σόαι,
221 1592 275 1658 sed
297 1594 390 1683 longe
414 1606 551 1683 praestat
575 1596 750 1683 corrigere:
784 1593 1015 1672 ἐβουλόμην
1045 1593 1117 1672 μὲν
1145 1592 1190 1658 ἀν
1219 1591 1273 1666 ἤδη

84 1715 266 1780 πεπαῦσθαι
298 1714 398 1792 λέγων
431 1715 453 1779 i.
487 1739 515 1780 e.
549 1715 668 1780 vellem
701 1713 838 1802 quidem
867 1735 917 1778 me
948 1716 1019 1776 iam
1031 1713 1142 1797 finem
1167 1714 1276 1802 impo-

84 1837 204 1898 suisse
234 1837 391 1898 orationi
401 1856 413 1912 ,·
447 1855 528 1922 quae
561 1835 639 1900 ratio
672 1829 911 1900 commendatur
938 1831 1152 1921 sequentibus.
1203 1831 1275 1898 Non

85 1953 212 2018 saniora
235 1953 382 2042 ridentur
405 1955 526 2020 sicine:
553 1953 596 2020 πά
620 1979 654 2020 τε
679 1954 796 2036 δάκςυα
818 1955 873 2028 τὴν
896 1955 998 2036 φωνην
1021 1954 1173 2036 ἀνίσχει.
1212 1952 1276 2020 Ubi

82 2097 198 2140 rerum
237 2086 284 2139 est
319 2086 374 2140 aut
408 2073 513 2158 ίσχει,
543 2089 617 2154 aut,
650 2075 734 2164 qnod
765 2075 990 2164 praetulerim,
1020 2074 1161 2156 ε’νίσχει.
1209 2073 1276 2138 Nec

84 2195 157 2261 fore
187 2208 264 2284 puto
295 2196 350 2284 qui
381 2207 465 2262 recte
497 2195 614 2262 habere
644 2195 815 2262 defendant
845 2194 964 2260 ibidem
993 2193 1016 2283 8
1048 2199 1066 2257 7
1100 2193 1273 2260 vocabula:

85 2316 141 2382 καί
177 2317 219 2382 τά
252 2316 348 2382 λοιπά
382 2313 560 2398 μετριάζαν.
590 2315 620 2390 ἔς
654 2341 690 2382 πε
719 2317 830 2399 φιλίαν
862 2317 992 2382 ἑαυτοῦ
1024 2315 1076 2382 καί
1110 2317 1275 2396 προθυμίαν

85 2435 177 2508 αῦόις
209 2437 517 2514 ἀντικατέστησεν,
548 2435 625 2504 ἱόσπε
650 2438 874 2518 συμβαλόντας
901 2439 964 2502 κτὲ.
1015 2439 1102 2522 Quae
1125 2436 1221 2502 rerba
1244 2449 1276 2502 et

87 2559 212 2625 Graeca
242 2570 274 2624 et
304 2559 469 2648 perspicua
493 2571 606 2637 erunt,
631 2557 686 2623 ubi
709 2559 803 2624 Dioni
827 2557 1014 2623 reddideris:
1042 2557 1094 2622 καί
1118 2593 1162 2606 -
1186 2556 1216 2630 ἔς
1240 2583 1276 2622 τε

86 2678 203 2762 φιλίαν
227 2679 342 2762 ἑαυτῷ
362 2679 414 2744 καί
436 2681 603 2762 προθυμίαν
627 2677 741 2753 αὖθις
768 2678 902 2766 (σφάς)
927 2677 1183 2752 ἀποκατέστησε
1206 2678 1228 2742 i.
1243 2702 1273 2743 e.

84 2822 147 2864 eoa
174 2821 284 2864 aecum
308 2804 526 2890 ingratiam
552 2800 700 2865 reduxit
723 2809 786 2866 eet.
836 2800 880 2866 Ut
903 2798 997 2888 vulgo
1021 2798 1125 2864 editur
1144 2799 1275 2864 verbum

83 2920 334 2988 ἀποκαθιστάναι
360 2935 445 2988 earet
469 2922 610 3000 obiecto,
637 2921 722 3010 quod
747 2945 764 2986 e
788 2921 989 3010 palimpsesto
1014 2921 1155 2999 restitui,
1181 2919 1278 3010 idque

85 3043 155 3108 iem
179 3041 306 3108 sensisse
330 3041 453 3108 ridetur
477 3042 536 3120 B.,
571 3042 625 3130 qui
649 3042 760 3114 αὐτοὺς
784 3053 854 3130 post
876 3039 960 3114 αὖθις
984 3041 1186 3108 inserendum
1210 3065 1278 3108 esse

86 3162 277 3251 suspicetur.

46 3300 53 3316 ·
133 3281 212 3372 Peg.
249 3288 312 3361 31,
341 3283 385 3348 ib.
417 3282 441 3371 8
477 3285 536 3347 tn:
572 3277 629 3362 ῦσῳ
657 3307 692 3348 πε
716 3290 774 3348 τῶν
798 3281 904 3358 ἀλλυς
929 3309 991 3359 πισς
1016 3285 1227 3368 διενεχθέντων
1249 3287 1275 3352 οί

84 3405 121 3468 ἔκ
152 3402 262 3486 Φιλίας
292 3405 323 3476 ἐς
355 3399 468 3484 ἔχθραν
488 3403 686 3484 χωρήσαντες
708 3407 847 3482 μισοῦσιν
870 3405 1046 3484 ἀλλήλους,
1069 3405 1146 3488 πόσῳ
1171 3416 1276 3472 πλεῖον

83 3525 142 3590 καί
173 3529 232 3590 τῶν
261 3521 366 3598 ἀλλοις
399 3548 463 3596 πως
494 3524 750 3606 εῦεργετηθόντυν
781 3527 807 3590 οἱ
839 3523 872 3590 ἔκ
897 3527 1046 3609 διαφοράς
1070 3525 1103 3592 εὖ
1127 3527 1275 3604 παθόντες

83 3649 214 3728 φιλοῦσι
245 3646 314 3720 ποῦς
347 3645 565 3720 πεποιηκότας.
615 3646 660 3711 Er
693 3645 837 3712 Genitiro
868 3651 926 3710 τῶν
958 3647 1184 3726 διενεχίόιπαυ,
1219 3650 1275 3737 qui

7 3855 8 3860 ἵ
82 3789 154 3834 non
183 3765 281 3832 habet
311 3765 395 3832 unde
422 3765 580 3856 pendeat,
610 3765 731 3854 liquido
763 3777 885 3832 constet
916 3766 1062 3832 excidisse
1095 3771 1125 3832 in
1157 3772 1274 3858 protasi

82 3895 193 3954 πλεῖον
226 3886 277 3952 rel
310 3889 443 3966 μάλλον.
491 3886 528 3952 Id
565 3909 635 3952 vero
670 3900 740 3976 post
776 3887 927 3954 vocabula
962 3883 1019 3970 ῦσῳ
1055 3913 1089 3954 τε
1124 3891 1276 3960 accidisse

7 4035 8 4050 ι
83 4009 246 4097 suspicor,
279 4031 473 4098 quamquam
503 4007 545 4073 ob
567 4009 722 4073 rationem
744 4007 1039 4100 palaeographicam
1061 4015 1184 4088 μάλλον
1206 4027 1275 4107 post

7 4125 8 4130 ¹
85 4129 248 4204 ἀλλήλους
283 4128 406 4196 facilius
437 4130 540 4219 perire
572 4129 709 4220 potuisse
742 4129 871 4220 largiar3
905 4153 1014 4196 rerum
1042 4132 1085 4196 ita
1109 4133 1276 4200 verborum

7 4301 8 4350 1
84 4250 273 4340 compositio
307 4251 412 4316 minus
445 4250 526 4316 foret
560 4249 714 4342 expedita.
765 4251 905 4318 Tandem
940 4253 973 4318 in
1009 4253 1073 4318 fine
1102 4254 1275 4320 sententiae

86 4372 290 4461 scripserim:
313 4373 338 4437 σί
362 4375 397 4438 ἐκ
420 4373 569 4456 διαφοραῖς
593 4371 627 4440 εὗ
646 4373 793 4448 παθόντες
817 4379 942 4458 φιλοῦσι
966 4377 1036 4448 τοὺς
1062 4371 1126 4462 (εὖ)
1148 4397 1273 4450 πεποιη-

7 4499 8 4578 j
85 4492 196 4568 κόται.
230 4490 385 4583 Compara
409 4517 438 4560 r.
464 4518 493 4562 c.
519 4496 626 4562 locum
649 4519 682 4586 p.
710 4499 751 4562 18
775 4495 799 4584 8
825 4499 845 4560 6
868 4519 966 4586 prope
989 4497 1065 4562 fin:
1093 4491 1130 4560 ῦν
1153 4495 1217 4578 yet
1237 4496 1276 4562 ἀν

86 4639 138 4687 τις
161 4613 282 4699 σφόδρα
306 4617 535 4701 κακοπαθῇ,
562 4619 633 4701 πρὸς
657 4623 716 4684 τῶν
739 4619 839 4684 αὐτῶν
863 4618 914 4682 καί
939 4613 979 4682 εῦ
1003 4614 1179 4694 πείσεσθαι,
1203 4618 1275 4694 βου-
