2944 5002
663 337 699 396 11

3 557 4 564 ,
86 541 103 579 p.
114 537 131 564 ε.
142 523 166 564 11.
182 540 201 578 p.
220 537 236 562 t.
252 523 273 560 V.
310 535 338 562 ιι.
510 521 561 561 Lem.
577 534 612 562 σεε,
629 519 675 559 Mai.
952 518 1003 558 Lem.
1017 527 1064 569 quas
1079 514 1121 556 ειΙι.
1136 514 1177 554 md.

113 659 250 721 95135
301 659 343 719 24
412 661 507 733 χρεῶν
532 653 692 726 ἀποδόσεις
868 659 965 734 χρεῶν
1000 656 1161 720 οὶποκ....
1189 653 1221 741 (i.
1248 678 1276 720 e.

912 783 1008 856 χρεών
1035 765 1219 851 α’ποκοποθς,
1245 787 1278 838 ut

913 896 1051 984 opinor.)

127 1042 147 1078 ιι
210 1041 230 1079 ιι
302 1023 343 1082 25
414 1023 647 1100 χρεοφιλετῶν
867 1022 1123 1098 χρεωφειλετῶν

3 1159 4 1192 ³
83 1135 155 1202 ’96
206 1163 225 1196 ιι
297 1143 335 1204 31
409 1141 452 1214 μὴ
478 1139 681 1218 προαιρεῖσθαι
706 1138 744 1202 δὲ
767 1138 820 1218 βέ-
866 1138 911 1216 μὴ
958 1141 1171 1220 προαιρεῖσθαι·
1206 1139 1276 1203 διε-

453 1259 573 1337 βαιον
602 1259 699 1324 τώδε
915 1259 1137 1338 βεβαιοῦσι
1161 1259 1197 1324 δὲ

126 1405 148 1443 ιι
186 1384 249 1446 136
325 1384 337 1444 1
411 1380 580 1445 οῖπθλειπεν
869 1378 1085 1468 οῖΙπὲλειπεν

125 1526 147 1562 ιι
207 1525 227 1563 ιι
321 1505 341 1566 9
410 1503 490 1566 οῖπθ
514 1508 572 1566 τῶν
596 1501 784 1582 κρατούντων
873 1502 935 1567 ὑπὸ
958 1526 987 1566 τ.
1013 1527 1043 1566 κ.

114 1625 156 1686 97
208 1645 228 1683 ιι
301 1625 340 1686 13
410 1623 597 1702 ἔπερωτκσε
868 1624 1060 1704 ἐπηρώτησε

114 1745 248 1806 96145
322 1749 340 1806 5
409 1744 501 1815 τοὺς
526 1741 636 1815 πολιαῖς
870 1743 941 1816 τώς
965 1743 1078 1816 πολιώς

128 1889 149 1926 ιι
210 1888 230 1925 ιι
323 1867 343 1926 9
412 1865 519 1929 αὐτῶν
543 1864 664 1946 ἐχθρούς
873 1863 984 1928 αὐτῶν
1008 1863 1131 1944 ἐχθρούς

117 1989 160 2050 99
211 2009 231 2046 ιι
302 1989 343 2049 27
415 1985 609 2066 Κθντουβρις
871 1983 1049 2066 Κθντοβρις

128 2129 149 2166 ιι
211 2129 230 2167 ιι
304 2109 346 2170 29
416 2105 523 2171 τούσδε
547 2105 657 2178 τθπονς
875 2103 982 2171 τοώσδε
1007 2108 1099 2178 τοὺς
1123 2105 1233 2178 τθπονς

99 2229 253 2291 100146
301 2229 342 2291 16
414 2227 618 2308 Ιέμφολίονς
876 2227 916 2304 ε’ρο
936 2225 942 2316 Ι
962 2227 1091 2310 Φαλίοος

98 2352 157 2412 101
211 2371 231 2409 ιι
302 2349 344 2411 29
414 2345 478 2412 καὶ
504 2344 707 2422 ἐξαπέστειλε
877 2346 1079 2424 ἐξαπέστειλε
1094 2347 1170 2436 (om.
1186 2351 1284 2436 coni.)

131 2493 153 2531 ιι
213 2491 234 2530 ιι
307 2473 348 2533 33
418 2467 686 2548 προαδικκσώντων
806 2539 810 2546 ⁴
863 2467 1287 2559 προσαδικιισώντων(ιιιο]σὶ)

131 2612 153 2652 ιι
189 2592 254 2654 227
330 2595 342 2652 1
415 2583 461 2652 θτι
486 2589 572 2669 ταρθι
597 2595 659 2658 τοῖς
876 2584 921 2652 θτι
946 2588 1012 2652 καὶ
1038 2591 1125 2670 ταρώ
1148 2599 1211 2662 τοῖς

132 2735 155 2772 ιι
216 2734 236 2772 ιι
330 2712 349 2774 8
419 2709 670 2786 κατεπείγοντα
867 2712 1106 2788 κατεπώγονσα
1132 2709 1213 2799 (sic.)

130 2855 154 2894 ιι
213 2853 233 2894 ιι
327 2833 346 2895 9
415 2827 602 2902 θποστώτας
874 2831 966 2903 τοὺς
990 2830 1176 2908 οῖποστώταρ

130 2977 153 3016 ιι
213 2976 234 3015 ιι
307 2956 345 3017 11
416 2949 467 3017 διώ
491 2950 687 3032 πολυχρόνιον
874 2951 924 3018 διὰ
948 2952 1019 3026 τὴν
1043 2953 1241 3036 πολυχρόνιον

99 3077 165 3140 102
213 3095 234 3135 ιι
304 3074 346 3136 25
417 3069 594 3151 ε’νΙτιρκέναι
878 3072 968 3138 ε’ντε
989 3070 995 3161 Ι
1015 3061 1139 3147 τιρκὲναι

99 3200 166 3262 103
188 3197 254 3260 228
302 3195 345 3258 28
414 3193 663 3268 ἀνακτήσεσθαι
876 3193 1122 3270 ἀνακτήσασθαι

101 3319 167 3382 104
214 3339 234 3378 ιι
305 3317 343 3379 31
417 3313 504 3379 οῖλλθι
533 3315 784 3392 κρακτικώτατον
876 3315 966 3380 οῖλλοὶ
984 3316 1024 3381 τὸ
1038 3318 1289 3398 κρακτικώτατον

122 3461 145 3500 ιι
194 3441 255 3501 175
329 3445 347 3500 1
417 3431 462 3498 θτι
489 3433 662 3513 Ὀκτάβιος
881 3431 925 3502 ὅτι
950 3437 964 3501 θ
988 3437 1158 3516 Ὀκτοθβιος

122 3581 146 3620 ιι
215 3579 235 3618 ιι
329 3559 348 3620 6
419 3552 533 3627 αὕτως
558 3553 642 3636 ἔχειν
879 3554 972 3629 οὕτως
997 3555 1082 3638 ἔχειν

99 3681 168 3744 105
216 3701 236 3738 ιι
308 3679 349 3740 25
419 3676 533 3743 τούτων
556 3676 677 3753 γεμέν
881 3675 994 3741 τούτων
1018 3678 1147 3755 τεμών

99 3802 168 3865 106
215 3821 235 3860 ιι
309 3799 348 3861 13
418 3796 609 3868 ἐκκαιθντος
880 3795 1055 3868 ἒκκαώντος

3 3925 4 3940 ²
97 3921 254 3987 107151
330 3922 348 3982 7
418 3917 467 3982 οῖεῖ
492 3917 556 3998 γὰρ
580 3917 721 3992 καινθτκς
876 3917 924 3982 οῖεὶ
949 3918 1012 3996 γθιρ
1036 3919 1053 3994 ἦ
1078 3919 1218 3995 καινθτκς

3 4069 6 4100 ι
99 4046 169 4109 108
218 4065 239 4103 ιι
311 4043 353 4104 24
421 4047 565 4117 ταμεῖον
879 4047 1031 4117 ταμιεῖον

3 4351 6 4392 ι

3 4753 4 4772 1

3 4791 5 4812 k

122 4187 146 4226 ιι
219 4187 239 4225 ιι
311 4163 353 4225 26
423 4157 715 4237 ὑποταττομένων
883 4160 1175 4241 ὑποτεταγμένων

122 4309 148 4348 ιι
219 4307 241 4345 ιι
311 4283 353 4346 29
423 4281 598 4347 οῖπειθθαν
882 4281 1069 4346 ώπείθειαν

122 4431 148 4469 ιι
198 4407 262 4469 152
335 4407 352 4467 4
423 4406 591 4481 ἠγνοεῖτο
882 4401 1072 4479 ἠγνθειτθ

99 4529 170 4593 109
222 4549 242 4588 ιι
337 4529 354 4587 5
424 4524 477 4598 τὴν
502 4523 575 4588 κατ’
600 4524 707 4588 αὐτὸν
883 4523 937 4596 τὴν
962 4529 1033 4587 κατ’
1057 4523 1169 4586 αὐτοῦ

1025 4639 1066 4690 20
