2932 5004
772 339 813 404 92

201 527 239 593 fr.
276 527 399 594 xxv11
431 525 554 607 (XVIII
585 527 609 616 S
640 527 694 616 2):
729 534 766 595 τὸ
795 535 956 603 τηλικοῦτο
987 538 1042 606 τῆς
1065 531 1233 609 βασιλείας
1258 529 1389 610 ἀξίωμα

203 651 297 732 πρὸς
325 651 472 724 tercenta
498 650 709 725 ταπεινότητα
733 650 834 732 τύχης
858 650 1029 716 ἐπεπτώκει
1053 654 1118 717 κτὲ.
1166 651 1254 718 Nihil
1277 665 1391 719 tamen

202 773 316 835 certius
349 795 414 837 esse
449 771 599 850 arbitror,
635 793 731 860 quam
766 770 939 836 Diodorum
973 770 1112 837 dedisse:
1151 773 1205 846 είς
1237 774 1392 848 ίδιατικην

201 894 409 967 ταπεινότητα
433 892 534 975 τιίχης
557 893 823 971 μετεπεπτώκει.
873 891 1025 958 Similiter
1047 891 1177 958 haereas
1188 893 1228 958 ir.
1245 893 1391 960 XXVIII

202 1013 304 1101 (XIX)
338 1037 380 1078 rs.
414 1017 477 1078 25:
511 1013 563 1077 τὸν
592 1013 660 1091 βίον
691 1014 721 1076 ἒν
748 1023 788 1094 τῇ
811 1013 934 1093 πατριδι
958 1022 1116 1092 λιπεῖν,
1141 1014 1220 1087 υἱοὺς
1243 1015 1388 1092 ἐγκατα-

199 1133 329 1200 λιπόντα
358 1133 539 1215 Ἀριαράθην
570 1134 621 1198 καί
652 1133 798 1214 Ἀρόσην,
831 1155 905 1197 nam
936 1133 994 1198 soli
1020 1135 1131 1222 tragici
1155 1133 1258 1200 dicere
1282 1134 1389 1200 solent

198 1257 316 1320 λείπειν
335 1255 431 1336 φοίος,
449 1254 531 1332 βίον,
556 1253 630 1332 alia;
652 1251 810 1342 pedestres
832 1253 858 1318 si
879 1252 940 1318 hoe
962 1253 1057 1319 rerbo
1082 1255 1128 1319 uti
1152 1254 1262 1319 volunt
1283 1255 1388 1342 (anti-

200 1377 345 1464 quiores,
376 1377 409 1440 ni
439 1375 549 1452 fallor,
574 1375 624 1439 rix
647 1397 799 1462 umquam
823 1373 1008 1462 adhibent),
1034 1374 1154 1440 addunt
1176 1377 1388 1464 praepositio-

200 1519 272 1562 nem
299 1495 343 1572 ε’ξ.
393 1495 572 1561 Videndum
595 1495 707 1584 igitur,
732 1507 768 1559 ut
791 1493 917 1560 redeam
941 1493 1025 1559 unde
1047 1496 1206 1585 profectus
1227 1517 1315 1574 sum,
1343 1519 1389 1560 an

199 1616 222 1680 l.
254 1639 286 1682 n.
318 1615 488 1705 legendum
519 1617 575 1680 sit:
607 1615 658 1680 τὸν
682 1615 749 1694 βίον
773 1616 803 1678 ἐν
825 1624 865 1698 τῇ
887 1615 1010 1696 πατρίδι
1034 1616 1204 1694 ἐκλιπεῖν,
1228 1617 1306 1690 υἱοὺς
1330 1617 1389 1694 ε’γ-

198 1737 417 1803 καταλιπόντα
459 1737 524 1803 κτὲ.
585 1735 734 1801 Geterum
769 1757 833 1800 non
869 1734 1038 1801 admodum
1072 1736 1233 1826 eleganter
1267 1736 1314 1802 bis
1349 1737 1388 1802 in

199 1857 309 1924 eadem
341 1858 496 1924 sententia
528 1856 622 1922 verbo
645 1857 761 1921 λείπειν
784 1877 857 1920 usus
880 1868 927 1921 est
941 1854 977 1944 ¹).
1028 1857 1115 1942 Quae
1138 1869 1314 1946 sequuntur
1335 1871 1388 1923 sat

198 1978 363 2045 emendate
395 1977 489 2043 scribi
519 1977 666 2041 ridentur
696 1998 796 2063 usque
827 1975 866 2040 ad
897 1999 940 2040 rs.
979 1981 1018 2040 10
1048 1977 1094 2066 (p.
1128 1979 1206 2060 98):
1232 1977 1387 2058 repellero

196 2103 238 2182 τῷ
270 2099 356 2166 παιδί
388 2098 525 2175 διοίθημα
556 2097 607 2162 καί
643 2095 751 2176 συνιίρ
760 2119 855 2177 χειν
885 2095 1008 2162 πόντων
1040 2104 1099 2162 τῶν
1129 2107 1184 2174 τῆς
1215 2099 1387 2177 βασιλείας

197 2219 433 2302 προτερημάτων
455 2219 505 2282 ἐπ’
528 2217 595 2291 ίσης
618 2216 814 2294 μεταδίδωσι.
862 2215 911 2282 Ne
935 2217 1069 2282 absurda
1093 2231 1180 2284 exeat
1204 2220 1382 2298 sententia,

198 2343 308 2428 utique
340 2335 556 2428 reponendum
587 2335 731 2401 ridetur:
767 2337 820 2401 καί
852 2336 1083 2419 συνάρχοντα
1109 2338 1232 2404 πόντων
1255 2347 1313 2406 τῶν
1337 2377 1386 2390 -

196 2457 393 2537 μεταδίδωσι.
429 2457 551 2546 Nempe
574 2439 745 2543 syllaba-r]
770 2454 809 2520 de
833 2479 919 2521 more
943 2458 1078 2545 perierat
1096 2471 1225 2548 propter
1245 2481 1385 2546 sequen·

195 2594 261 2647 tem
284 2581 421 2645 litteram
443 2603 487 2654 π;
516 2601 588 2642 mox
611 2577 793 2666 supervenit
817 2577 948 2666 aliquis,
975 2579 1030 2666 qui
1058 2578 1226 2661 συνιίρχον
1249 2581 1386 2646 mutarit

195 2705 228 2767 in
252 2701 344 2782 συνιίρ
355 2725 447 2781 χειν
470 2699 660 2776 bellissime,
677 2709 722 2762 'ut
744 2699 852 2778 rides,
877 2698 1107 2765 emendatione.

242 2822 315 2887 Post
356 2843 457 2912 pauca
499 2819 594 2885 rerba
632 2841 743 2885 revoca
777 2819 919 2909 elapsum
954 2821 1156 2909 participium
1192 2818 1381 2886 scribendo:

196 2940 280 3014 οὗτος
315 2941 340 3005 δ’
375 2939 475 3018 ἔγημε
510 2939 666 3020 θυγατέρα
700 2945 753 3004 τοῦ
788 2939 934 3018 μεγοίλνυ
966 2941 1124 3014 κληθέντος
1154 2939 1274 3028 (malim
1298 2941 1385 3007 ε’πι-

196 3061 370 3148 κληθέντος)
401 3059 564 3140 Ἀντιόχου
593 3058 813 3139 ὀνομαζομένην
845 3061 1040 3142 Ἀντιοχίδα,
1070 3067 1238 3142 πανοῦργον
1264 3059 1382 3151 (οὖσαν)

195 3185 352 3264 μοίλισσα.
379 3182 544 3246 Praeterea
567 3179 738 3245 ridendum
751 3203 790 3244 an
803 3201 867 3244 non
879 3179 940 3245 hoc
952 3203 1080 3270 quoque
1091 3182 1160 3248 loco
1173 3182 1213 3246 D.
1237 3181 1360 3248 dederit
1373 3234 1383 3264 ,

197 3308 244 3372 uti
274 3305 350 3369 alibi
381 3326 417 3368 er
446 3302 602 3368 constanti
633 3301 825 3366 Graecorum
857 3301 1083 3367 consuetudine
1114 3303 1249 3369 scribere
1278 3303 1380 3370 solet:

197 3425 419 3508 όνομαζομένην
453 3421 535 3510 (μὲν)
576 3421 776 3502 Ἀντιοχιῒα,
814 3425 981 3501 πανοῦργον
1018 3421 1056 3509 (δ’
1087 3417 1191 3510 οὖσαν)
1225 3421 1382 3502 μοίλιστα.

198 3548 280 3614 Ibid.
317 3570 361 3611 rs.
398 3549 460 3609 19:
496 3538 529 3618 ἐξ
559 3537 593 3606 οὗ
615 3577 661 3589 -
683 3542 734 3606 τόν
766 3542 822 3619 μὲν
855 3541 1060 3622 πρεσβύτερον
1090 3543 1176 3621 μετόν
1205 3546 1383 3627 συμμέτρου

197 3671 344 3751 χρείας
376 3669 419 3740 είς
450 3665 567 3743 Ῥώμην
591 3665 808 3736 ἀποσταλῆναι
834 3662 1090 3742 παρασκευάσαι,
1113 3665 1165 3729 τόν
1188 3667 1220 3730 δὲ
1243 3667 1382 3746 νεώτερον

197 3793 239 3862 είς
266 3793 320 3864 την
350 3787 476 3852 Ἰωνίαν.
525 3783 559 3850 Si
589 3784 676 3848 locus
707 3805 800 3848 sanus
830 3794 893 3861 est,
926 3805 1033 3848 sensus
1063 3797 1126 3850 est:
1157 3785 1323 3850 οααοιοίαίο
1347 3792 1384 3852 σε’

197 3915 333 4000 negotio
365 3908 496 3972 idoneo.
546 3904 608 3970 Sed
640 3903 703 3968 dici
733 3903 811 3968 solet
843 3905 1060 3979 ἀποσταλῆναι
1092 3904 1142 3970 ἐπί
1174 3907 1284 3988 χρείαν
1315 3929 1381 3972 non

196 4033 282 4114 μετόν
321 4030 441 4112 χρείας.
502 4027 605 4112 Quare
640 4026 752 4113 uliquis
785 4025 988 4114 praetulerit:
1014 4061 1059 4074 -
1082 4026 1167 4104 μετα
1202 4027 1379 4108 συμμέτρου

194 4152 399 4239 χορηγίας
423 4150 489 4218 κτὲ.

232 4380 262 4446 1)
296 4373 342 4426 uic
372 4370 441 4424 loeus
469 4388 511 4424 me
539 4367 660 4422 admonet
688 4366 737 4422 loci
767 4367 881 4440 turpiter
904 4367 1055 4443 interpolati
1083 4369 1111 4423 in
1130 4370 1195 4424 isaei
1213 4366 1330 4424 oratione
1349 4369 1382 4422 de

194 4467 344 4520 Aristarchi
367 4461 511 4517 hereditate
535 4465 549 4534 §
579 4467 627 4528 11,
653 4460 699 4514 ubi
727 4462 807 4516 eiecto
835 4461 993 4518 emblemate
1016 4463 1175 4539 scripserim:
1203 4462 1267 4518 ἀλλ’
1300 4463 1381 4539 αὐτῷ

195 4558 247 4632 μὲν
282 4561 452 4616 ἐπανελθεῖν
480 4559 519 4621 είς
549 4556 600 4613 τὸν
628 4557 759 4630 πατρῷον
788 4551 869 4612 οἷκον
897 4557 962 4627 ἐξῆν
991 4557 1054 4614 υἱὸν
1083 4561 1317 4636 ἐγκαταλιπόντα
1347 4557 1379 4614 ἐν

195 4651 372 4712 Ξεναινέτου.
413 4652 517 4706 Editur:
538 4651 569 4706 ἐν
592 4651 633 4727 τῷ
653 4654 823 4709 Ξεναινέτου
845 4655 937 4726 οἴκῳ.
