2932 5004
773 321 834 384 128

209 627 255 710 (Il
292 630 309 711 §
348 625 423 714 12),
460 627 516 692 ubi
543 627 676 716 legimus
707 651 750 692 rs.
784 632 824 692 4.-
851 625 1103 705 ἀντιποιουμένων
1127 631 1248 690 πολλῶν
1271 625 1395 702 ἐνδόξων

208 746 256 833 [τὸ
279 748 401 836 τυχεῖν]
427 756 482 824 τῆς
506 749 590 813 ιιοιτοὶ
614 744 798 828 Μιθριδάτου
822 747 1037 828 οτροιτννίοιος
1064 745 1120 811 ubi
1142 747 1227 812 fraus
1247 747 1298 814 vel
1319 746 1395 812 inde

205 867 370 934 manifesta
398 881 463 946 est,
498 867 583 956 quod
616 868 747 934 verbum
779 869 1000 933 circumcisam
1032 889 1106 932 eum
1140 866 1284 932 Genitiro
1318 889 1396 932 con—

204 990 345 1052 struitur.
384 991 584 1078 Quamquam
600 989 716 1077 iqitur‚
739 1001 774 1053 ut
786 987 949 1054 redeamus
972 986 1012 1050 ad
1024 986 1130 1052 locum
1142 999 1305 1065 nostrum,
1326 987 1396 1052 vul·

203 1121 274 1196 gata
314 1109 408 1174 lectio
452 1109 637 1174 alterutram
677 1109 903 1174 correctionem
938 1106 1070 1172 suadere
1104 1106 1246 1185 ridetur,
1283 1121 1394 1173 tamen

97 1281 110 1300 ,
202 1251 311 1294 vereor
330 1251 370 1294 ne
392 1231 517 1319 utrique
529 1230 631 1296 obstet
644 1252 716 1294 usus
729 1227 878 1307 Diodori,
898 1229 1016 1318 quippe
1030 1227 1114 1318 apud
1127 1251 1222 1317 quem
1234 1251 1393 1318 nusquam

202 1348 352 1414 alterutra
382 1349 517 1414 formula
549 1375 581 1416 se
611 1351 690 1418 mihi
717 1349 884 1427 obtulerit,
918 1348 1029 1414 sedin
1054 1349 1394 1440 quevislerepagina

202 1467 312 1534 eodem
346 1491 437 1534 sensu
468 1471 591 1560 legatur
612 1471 676 1536 aial
704 1475 876 1550 μᾶλλον.
924 1470 997 1535 blox
1020 1493 1063 1534 rs.
1091 1473 1150 1534 17:
1176 1469 1265 1551 μέρος
1289 1470 1315 1534 δ’
1340 1471 1393 1534 ἐπὶ

201 1597 256 1664 τῆς
291 1591 463 1671 πολιορκίοις
498 1597 550 1656 τοῦ
586 1593 820 1674 οτροιτειίμοιτοο
856 1589 1085 1662 κοιτοιλιπίντεο
1120 1600 1164 1672 τῇ
1199 1599 1322 1674 λοιπῇ
1354 1593 1395 1658 τὸ

200 1709 319 1788 Ῥήγιον
342 1711 474 1792 ἰσχυρῶς
497 1700 698 1793 ἐπολιόρκουν.
736 1711 899 1777 Vocabula
922 1719 968 1794 τῇ
991 1719 1084 1792 λοιπῇ
1105 1731 1171 1774 non
1190 1709 1393 1800 habentque

200 1829 386 1894 reseruntur.
447 1830 515 1896 Nisi
553 1833 649 1920 igitur
683 1831 834 1898 exciderit
867 1838 1056 1914 οτροιτιᾷ,
1094 1829 1313 1918 reponendum
1346 1833 1393 1912 τῶ

198 1951 294 2032 λοιπῷ
327 1950 408 2039 (scil.
435 1952 679 2044 οτροιτειίμοιτι).
727 1953 809 2018 lbid.
843 1975 886 2018 rs.
917 1955 980 2031 28,
1013 1950 1138 2016 duabus
1167 1950 1278 2018 litteris
1302 1975 1394 2042 repe-

199 2071 284 2150 titis,
308 2071 371 2160 legi
394 2071 507 2138 debet:
534 2073 641 2139 έπεοεν
666 2076 704 2138 ἑν
728 2075 970 2154 solemniores.

243 2192 282 2256 Ιιι
317 2192 357 2257 ίι.
390 2193 438 2258 Ill
473 2217 514 2258 rs.
551 2197 590 2258 15
622 2193 654 2280 (§
689 2193 743 2280 5):
778 2198 831 2258 τοῦ
862 2195 919 2272 μὲν
949 2194 1011 2276 γὰρ
1040 2195 1148 2258 οίνου
1178 2195 1213 2259 τὸ
1246 2192 1394 2274 κεροίμιον

199 2313 345 2376 ἐπωλεῖτο
375 2313 521 2396 δραχμῶν
553 2314 676 2392 ἑκοιτίν,
707 2321 765 2380 τῶν
795 2315 1000 2382 bitterrensis
1025 2315 1160 2396 τοιρίχων
1184 2314 1220 2380 τὸ
1245 2311 1394 2394 ιιεροίμιον

197 2433 343 2514 δροχμῶν
378 2433 564 2514 τριοιιιοοίων.
612 2433 800 2523 Suspectum
832 2433 933 2500 habeo
964 2433 1156 2500 vocabulum
1185 2433 1278 2512 οίνου,
1312 2438 1392 2524 quia

197 2577 304 2619 sensus
335 2566 441 2644 aperte
472 2555 604 2643 requirit
630 2577 748 2620 nomen
771 2556 835 2620 riui
859 2555 991 2620 alicuius
1014 2555 1255 2644 generosissimi.
1294 2555 1391 2641 Quod

197 2676 336 2764 suspicor
364 2675 458 2740 luisse
493 2672 615 2740 Chium
645 2689 774 2766 propter
805 2699 842 2742 ea
867 2697 947 2764 quae
970 2697 1065 2764 supra
1088 2674 1165 2740 dixit
1189 2697 1234 2740 vs.
1261 2679 1300 2740 9:
1324 2683 1390 2740 τῶν
1459 2765 1460 2770 ¹

197 2795 222 2858 δ’
252 2795 333 2860 οίνων
357 2797 371 2859 ὁ
394 2797 450 2873 μὲν
473 2797 602 2877 μετρίως
625 2797 743 2878 τέρπων
766 2797 819 2872 τῶν
844 2801 951 2874 γεῦσιν
975 2793 1246 2876 οὶπεδοκιμοίζετο,
1271 2795 1392 2876 Φοιλέρ-

196 2937 244 2986 νος
272 2915 302 2978 δὲ
333 2916 385 2980 usal
415 2925 485 2988 Χῖος
516 2917 568 2982 κοιί
601 2921 665 2989 πῶς
695 2919 710 2982 ὅ
737 2917 854 2990 τούτοις
887 2915 1064 3000 ἐφάμιλλον
1095 2914 1180 2998 ἔχων
1214 2917 1316 2994 ἡδονήν
1340 2953 1393 2968 -

196 3035 302 3110 οὶνέδιρν
326 3037 530 3110 ῶνκλίοκοντο.
568 3037 653 3104 Olim
676 3039 793 3128 igitur,
818 3039 851 3102 ni
871 3037 980 3114 fallor,
1005 3035 1088 3126 apud
1101 3035 1278 3102 Diodorum
1298 3037 1391 3127 lege-

197 3156 308 3223 batur:
342 3163 395 3223 τοῦ
426 3159 483 3237 μὲν
514 3159 576 3240 γὰρ
609 3159 704 3224 Χίου
726 3160 761 3224 τὸ
786 3157 927 3240 κεράμιον
951 3158 1015 3222 κτὲ.
1063 3156 1135 3222 Mor
1160 3158 1392 3248 superveniens

198 3276 301 3341 nescio
326 3277 394 3364 quis
418 3276 455 3342 de
479 3301 566 3343 more
586 3279 802 3368 superscripsit
822 3277 1049 3367 interpretandi
1070 3299 1163 3342 causo
1182 3279 1276 3356 οίνου,
1296 3280 1390 3368 quod

196 3397 528 3485 interpretamentum,
562 3411 596 3462 ut
627 3398 803 3488 saepissime
835 3398 954 3462 luctum
986 3409 1052 3474 est,
1086 3399 1216 3486 genuini
1238 3397 1392 3464 vocabuli

195 3516 303 3582 sedem
320 3539 488 3607 occupasse
508 3517 641 3582 videtur.
676 3517 713 3584 ln
726 3517 866 3584 eiusdem
876 3518 988 3608 fragm.
1003 3518 1093 3582 initio
1112 3517 1223 3585 dubito
1243 3541 1282 3582 an
1299 3531 1391 3586 recte

196 3637 336 3726 legatur:
373 3639 544 3716 μετέπεσεν
580 3639 609 3702 ἕν
642 3648 680 3722 τῇ
712 3637 811 3720 Ῥῶμρ
845 3640 887 3705 τὸ
918 3647 974 3714 τῆς
1008 3639 1148 3720 οίρχοιίοις
1179 3640 1309 3716 οἰμωγῆς
1342 3641 1391 3714 είς

197 3759 323 3838 ὀλέθριον
354 3759 454 3840 ζῆλον.
503 3759 586 3826 Nam
617 3759 792 3838 Diodorus,
817 3771 852 3823 ut
876 3757 1045 3846 Polybius,
1070 3759 1104 3824 iu
1128 3758 1188 3824 bac
1210 3758 1392 3849 periphrasi

198 3878 276 3942 solet
306 3877 454 3945 adhibere
484 3880 608 3945 articuli
631 3879 763 3944 tonnam
788 3891 933 3944 uentrem
957 3878 1087 3967 pluralis
1110 3881 1256 3958 numeri,
1280 3881 1324 3944 ita
1349 3895 1392 3947 ut

198 3998 301 4089 potius
323 3999 478 4088 scripsisse
500 3999 662 4066 ridentur:
688 4001 738 4064 rol
761 4008 816 4074 τῆς
840 3999 979 4082 ῶρχοιίοις
999 4001 1130 4078 ἀγωγῆς
1156 4022 1198 4058 z:
1224 4001 1390 4080 ἡοίρχοιίοο

196 4120 322 4200 ῶνιογιί.
359 4117 506 4186 Ceterum
525 4123 692 4210 potuisset:
714 4121 749 4185 πὸ
773 4129 829 4198 τῆς
852 4121 990 4204 οίρχοιίοις
1014 4122 1143 4198 ῶγωνῆς
1167 4121 1344 4200 adorned
1352 4147 1391 4202 ν,

197 4245 240 4309 cl.
273 4240 329 4306 lib.
366 4239 485 4306 XXXV
515 4241 554 4308 lr.
581 4242 718 4308 XLVIII
740 4266 838 4332 prope
863 4242 986 4308 finem·
1021 4240 1162 4307 Tandem
1185 4243 1219 4306 in
1243 4253 1391 4308 extremo

198 4364 221 4427 l.
247 4386 301 4426 n.:
328 4360 381 4425 xxi
403 4360 454 4426 τὸν
476 4363 585 4428 ἑοιντοῦ
607 4363 675 4442 βίον
700 4363 860 4446 περίοπτον
882 4362 955 4428 ῶνποι
976 4359 1025 4426 brai
1049 4362 1104 4436 riv
1125 4360 1263 4438 ἐξουοίοιν
1286 4364 1388 4443 ἀρχέ-

199 4505 292 4548 τυπον
322 4483 365 4556 είς
395 4483 525 4562 μίμησιν
555 4483 712 4551 τιίένοιι
742 4491 799 4550 τῶν
826 4488 927 4550 κολῶν
959 4482 1225 4566 ἕπιτκδευμοίτων,
1257 4505 1391 4572 exspec-

201 4601 311 4666 taveris
333 4605 697 4696 verbum-compositum
721 4605 967 4688 προτιθένοιι.
