2932 5004
754 339 816 401 104

203 523 385 604 γελλίμενοι
432 527 501 599 τοὺς
536 525 690 605 Ἀραδίους
725 524 888 605 πέμψειν
920 522 1016 612 (male
1050 523 1197 613 rqustur
1226 521 1390 610 πέμψαι)

204 646 397 727 στρατιώτας
420 647 490 719 τοὺς
513 646 737 724 βοιιίάσοντας,
760 641 839 718 ὅπως
859 643 1089 736 πιστευσάντων
1108 645 1392 725 τῶνΜοιραίννιῖιν,

207 764 259 851 [ὥς
287 766 359 847 πρὸς
389 768 535 842 ἀλάθειαν
566 766 650 848 ἔχειν
682 764 871 847 συμμάχους
903 763 1202 851 ἀποστελλομένους]
1233 764 1392 845 προσδεχ-

202 887 288 951 ίῶσιν
322 889 348 952 οἱ
377 890 450 968 παρ’
481 890 581 952 αὐτῶν
612 893 809 968 στρατιῶται.
856 885 1043 976 Sequuntur
1073 884 1191 952 ibidem
1219 884 1319 952 haec:
1353 887 1391 950 οὐ

202 1007 262 1084 μὴν
297 1004 480 1082 ἀδυνάίνρσάν
515 1029 555 1084 γε
589 1008 644 1082 τίρν
679 1005 825 1086 άνομον
856 1006 1004 1085 ἐπιβολὴν
1034 1007 1077 1078 είς
1109 1006 1203 1086 πέρας
1235 1007 1390 1084 ἀγαγεῖν.

201 1127 374 1216 Aliquanto
405 1127 517 1193 melius
548 1127 754 1193 scriberetur:
785 1129 840 1203 ‘rio
865 1127 1025 1192 ἀνόσιον
1048 1127 1195 1205 ε’πιβολδιν
1217 1127 1239 1192 i.
1260 1150 1295 1192 e.
1319 1130 1391 1190 im·-

193 1251 294 1337 pr'om
325 1245 505 1326 consilium3
536 1271 610 1312 nsnr
627 1249 848 1337 illegitimum
868 1247 1054 1325 consilium,
1080 1245 1135 1312 ubi
1154 1246 1257 1335 agitur
1267 1245 1307 1312 de
1318 1257 1389 1312 tam

200 1368 319 1433 nefario
354 1367 493 1446 scelere,
529 1370 622 1434 nimis
657 1369 806 1457 languido
841 1369 963 1434 dictum
993 1368 1072 1434 mihi
1095 1367 1224 1457 quidem
1247 1366 1384 1433 ridetur.

201 1487 320 1553 Eodem
350 1487 501 1554 adiectiro
533 1489 633 1553 utitur
659 1511 757 1578 prope
788 1489 927 1578 excerpti
953 1489 1099 1554 initium:
1127 1490 1151 1554 oi
1173 1489 1200 1554 δ’
1222 1487 1293 1554 ἀνί
1299 1511 1387 1552 σιον

198 1607 289 1689 φόνον
342 1605 604 1684 ἐπιτελεσάμενοι.
664 1605 792 1698 Optime
838 1610 953 1688 etiam,
1001 1610 1035 1674 ni
1079 1609 1193 1687 fallor,
1239 1607 1386 1676 Naberus

198 1729 231 1792 in
263 1727 505 1814 Mnemosynes
536 1727 597 1794 rol.
631 1728 677 1794 IV
705 1753 737 1818 p.
775 1733 815 1795 13
850 1729 1008 1795 Herodoto
1035 1727 1103 1818 (Iib.
1130 1729 1146 1795 I
1172 1753 1179 1793 :
1209 1730 1286 1817 162)
1311 1729 1384 1795 red-

197 1847 291 1914 didit:
331 1847 495 1930 'Aprayoe
519 1887 566 1910 -.
586 1851 639 1916 τδν
661 1885 706 1900 -·
728 1850 911 1930 Ἀστυάγης
945 1851 1074 1932 ἀνοσίῳ
1108 1849 1245 1934 τραπέζῃ
1279 1851 1382 1916 έδιιισε

197 1969 403 2059 provulgata
426 1968 562 2035 lectione
582 1969 638 2036 ἀνί
645 1994 700 2051 μιρ
722 1970 859 2052 τραπέζῃ
881 1973 945 2035 κτέ.
979 1971 1082 2036 Erunt
1105 1983 1210 2036 tamen
1233 1971 1381 2050 fortasse,

198 2092 252 2180 qui
275 2090 345 2155 loco
367 2102 474 2154 nostro
493 2090 628 2156 scribere
647 2091 778 2156 malint:
801 2093 855 2167 τίρν
879 2091 1113 2172 παράνομον
1136 2093 1283 2172 ἐπιβολὴν
1297 2094 1382 2169 xri„

196 2213 218 2278 i.
243 2235 272 2276 e.
299 2211 479 2274 scelestum
499 2209 685 2286 consilium,
710 2209 795 2299 quod
818 2210 1007 2277 adiectirum
1030 2223 1077 2278 est
1102 2211 1184 2301 apud
1206 2210 1382 2279 Diodorum
1459 2221 1460 2224 ’

197 2353 256 2396 usu
275 2331 574 2420 frequentissimum.
601 2330 722 2396 Eodem
741 2331 835 2398 modo
855 2333 1042 2400 correxerim
1061 2335 1100 2400 ir.
1128 2334 1154 2398 V
1176 2332 1250 2421 (tv)
1264 2330 1376 2398 rerba:

195 2453 380 2534 deterendus
423 2453 465 2524 είς
505 2451 652 2530 ἀμίτκτα
682 2455 858 2533 τυραννικὴν
890 2453 942 2520 καί
974 2456 1116 2522 ποικίλων
1152 2475 1381 2534 παρανομη-

194 2573 334 2653 μάτων
367 2573 543 2655 ὑπερβολάς
570 2595 627 2662 pro
657 2573 875 2653 ἀνομημάτων.
925 2573 1022 2641 Recte
1053 2574 1172 2640 ibidem
1204 2597 1251 2641 rs.
1279 2579 1321 2638 35
1346 2587 1380 2639 et

196 2701 236 2761 37
267 2695 414 2762 scribitur
444 2695 672 2776 παρανομία,
703 2707 734 2760 et
762 2697 795 2760 in
819 2696 858 2760 fr.
885 2695 948 2762 vll
974 2720 981 2760 :
1009 2701 1073 2763 36:
1100 2697 1151 2763 καί
1176 2705 1240 2770 τοῖς
1264 2697 1380 2762 ἑαυτῶν

194 2815 516 2896 παρανομήμασι
560 2821 922 2896 συνεπιχειρονομοῢντες.
983 2814 1032 2882 0b
1075 2816 1207 2883 eandem
1250 2839 1377 2882 causam

193 2949 369 3025 suspectam
393 2935 494 3002 babeo
516 2937 703 3026 scripturam
726 2936 764 3001 fr.
789 2937 887 3002 VIII:
911 2933 945 3014 ἐξ
967 2937 1241 3017 ἀνομημάτων
1264 2935 1379 3019 ἤρξατο

192 3055 341 3134 μεγάλων
372 3055 489 3122 διοικεῖν
519 3057 562 3122 τά
591 3057 676 3123 κατά
705 3059 759 3133 τὴν
787 3057 976 3136 βασιλείαν,
1000 3056 1056 3123 ubi
1079 3071 1165 3124 recte
1187 3057 1301 3124 deinde
1324 3081 1377 3124 se-

193 3177 301 3265 quitur
326 3181 411 3255 ὠμῶς
443 3178 494 3242 καί
527 3177 773 3259 παρανόμως.
820 3178 858 3243 In
890 3201 958 3267 sqq.
995 3177 1163 3245 ridendum
1195 3201 1235 3244 an
1258 3181 1377 3246 inserto

191 3299 376 3387 prouomIne
413 3297 577 3362 indefinito
611 3297 827 3388 reponendum
862 3297 922 3362 sit:
959 3297 1063 3378 ἀνδρός
1096 3297 1199 3386 (τινος)
1228 3300 1378 3379 εὐσεβοῦς

191 3416 243 3483 καί
267 3417 382 3484 δικαίου
402 3419 658 3494 κατελεήσαντα.
707 3415 824 3484 Contra
843 3439 1016 3507 pronomen
1036 3414 1122 3490 οὗτος
1141 3419 1251 3509 inepte
1271 3419 1376 3486 abum

191 3538 265 3606 dare
296 3540 419 3606 ridetur
449 3541 482 3605 in
513 3539 553 3605 fr.
584 3538 681 3604 VIII:
714 3537 830 3612 ἀλλους
853 3539 885 3604 δέ
908 3538 1063 3610 ποικίλαις
1086 3539 1260 3622 προφάσεσι
1284 3565 1378 3608 συκο·

191 3663 316 3744 φαντῶν
336 3665 374 3736 ὡς
391 3662 570 3734 ἀδικοῦντας
588 3659 764 3743 ἐφυγάδευε
780 3659 834 3725 καί
848 3661 907 3734 τάς
932 3659 1070 3747 [τούτων]
1091 3661 1197 3734 οὐσίας
1213 3663 1374 3743 ἀφῃρεῖτο.

235 3781 274 3846 ln
296 3782 335 3848 fr.
362 3783 406 3848 III
433 3783 509 3869 (VII
534 3785 551 3867 S
577 3785 610 3864 3)
635 3793 784 3848 monente
809 3780 933 3846 Valerio
956 3780 1111 3846 nonnulla
1134 3779 1373 3862 desiderentur,

190 3901 244 3968 sed
268 3903 302 3966 in
324 3925 361 3968 eo
385 3903 452 3968 falli
476 3902 599 3968 ridetur
620 3903 667 3968 sir
690 3925 850 3981 summus,
884 3901 968 3991 qnod
989 3901 1136 3968 lacunam
1160 3903 1268 3968 statuit
1291 3903 1379 3970 inter

187 4023 341 4089 ἀπέλιπεν
373 4037 405 4089 et
436 4024 644 4105 ἀχαριστίας,
681 4022 727 4110 (id
753 4024 840 4088 enIm
867 4023 933 4088 sere
965 4023 1082 4089 efficias
1105 4046 1122 4088 e
1145 4025 1284 4102 ratione,
1309 4045 1379 4112 qua

189 4145 305 4210 Ialesii
339 4145 587 4212 observationem
621 4145 835 4210 communicat
868 4143 1124 4234 Wesselingius).
1184 4144 1226 4210 Ni
1261 4143 1376 4224 fallor,

187 4265 274 4330 locus
312 4265 549 4331 constituendus
593 4277 639 4330 est
675 4265 708 4330 in
743 4265 831 4332 hunc
864 4263 1014 4330 modum:
1053 4265 1105 4330 καί
1141 4266 1248 4331 πολλά
1281 4265 1378 4333 είπιδν

188 4393 413 4464 πραγματικῶς
447 4386 604 4467 ἀποκρίσει
639 4393 699 4470 μιᾷ
735 4441 779 4473 Η
800 4440 843 4473 rs
881 4386 1003 4460 πολλάς
1035 4383 1193 4468 ἐμφάσεις
1217 4385 1380 4454 ἀπέλιπεν

187 4503 376 4584 ἀχαριστίας
400 4507 483 4581 κτὲ.,
503 4504 588 4593 quod
613 4517 697 4571 recte
717 4507 774 4572 W.
800 4507 991 4596 perspexisse
1015 4505 1154 4583 ridetur,
1178 4507 1204 4571 si
1227 4507 1380 4574 consulas

188 4621 255 4692 eius
285 4626 457 4692 versionem
482 4626 647 4706 Latinam,
673 4649 867 4718 quamquam
891 4651 927 4693 er
952 4626 1154 4698 adnotatione
1177 4629 1383 4698 contrarium
