2990 5012
690 455 711 520 δ

130 643 242 727 [οὑτω]
283 645 406 730 χαλεπῇ
438 650 549 731 ἐχρῆτο
586 649 616 722 ἐς
647 654 773 722 πάντας
811 645 907 729 [aiore
939 647 1063 732 μηδένα
1093 648 1258 714 διίναοδαι

129 759 323 842 προσιέναι]Ι
350 756 507 846 Expunga
523 757 846 847 interpretamentum
860 758 1005 827 vocabuli
1023 765 1254 846 δυσπρόσοδον.

132 869 210 937 llale
242 871 294 937 llr.
325 871 442 946 delerit
466 873 571 940 solum
597 874 791 941 vocabulum
819 878 999 955 δυνασδαι,
1028 884 1065 940 ut
1088 877 1258 962 προσιέναι

130 983 212 1050 sita
241 991 401 1073 προσίημι.
449 987 546 1066 Quasi
582 989 627 1055 att
653 1009 686 1056 se
718 989 896 1056 admittere
933 988 1054 1057 Graece
1089 993 1259 1074 προσιέναι

130 1099 188 1178 sil,
218 1119 285 1167 non
309 1109 512 1186 messianitae.

177 1221 239 1282 141
265 1219 282 1302 δ
307 1220 326 1283 3
351 1239 411 1306 pro
435 1219 632 1306 πληροῦντες
661 1217 792 1307 requiro
816 1222 970 1306 πληροῦν.

177 1337 240 1399 144
265 1335 282 1418 δ
307 1336 335 1400 3.
361 1335 505 1419 πολέμου
526 1337 555 1400 δ’
580 1337 636 1402 ουκ
660 1339 812 1421 ἄρξομεν,
840 1337 1105 1423 α’ρχομίνονς
1128 1337 1156 1401 δ’
1180 1340 1260 1420 α’μυ-

131 1457 288 1534 νοδμεαα.
328 1447 430 1515 lmmo
453 1468 529 1514 vero
552 1457 768 1536 ἄρχοντας
791 1447 811 1513 i.
830 1469 858 1515 e.
884 1449 943 1538 qui
963 1448 1094 1535 priores
1109 1468 1167 1514 aas
1191 1447 1260 1514 tae·

129 1565 251 1642 serint,
276 1561 337 1630 nisi
361 1563 443 1631 sorte
466 1574 609 1651 praestat
630 1569 808 1650 ἄρξαντας.

176 1678 212 1744 ll.
237 1682 257 1743 4
281 1681 298 1764 δ
323 1682 352 1744 2.
378 1679 537 1754 λαθόντες
556 1676 639 1760 [καί]
658 1681 888 1764 διακόψαντες.
918 1675 962 1743 Cl.
987 1675 1039 1742 lll.
1064 1677 1105 1741 39
1122 1678 1138 1762 δ
1157 1680 1186 1742 7.
1210 1675 1255 1742 lb.

129 1799 297 1880 ἐμπείρους
323 1793 350 1859 δ’
371 1795 500 1879 ἔχοντες
522 1795 594 1866 τούς
617 1793 800 1867 διώκοντας
823 1790 892 1874 [τοῦ
913 1797 955 1874 μὴ
979 1791 1175 1876 inplorant]-
1212 1790 1260 1856 Ad

131 1913 298 1994 ἐμπείρους
323 1925 340 1972 e
364 1903 587 1993 superioribus
613 1915 722 1972 mente
746 1904 960 1992 repetendum
984 1915 1049 1974 τῶν
1074 1907 1202 1974 διοδων.

177 2025 218 2087 13
240 2024 257 2106 δ
283 2021 313 2088 'l.
338 2029 411 2100 τούς
436 2026 554 2107 appetis
580 2025 679 2089 αὐτοῦ
702 2021 872 2110 παραλίπῃ
894 2025 964 2105 [καὶ
984 2029 1026 2104 μὴ
1052 2023 1184 2109 &priapi
1211 2020 1261 2087 ln-

132 2147 384 2226 terpretamento
409 2136 529 2204 interiit
554 2135 659 2203 omnis
684 2135 843 2204 sermonis
867 2134 963 2202 nitor.
1011 2135 1163 2203 Similiter
1186 2157 1260 2203 mox

131 2251 269 2319 insiticia
294 2263 370 2320 sunt
394 2251 550 2319 voeabula
574 2263 639 2319 σὼν
662 2261 831 2339 χρημάτων
857 2265 911 2334 τῆς
935 2255 1094 2336 προσόδου
1116 2263 1191 2340 post
1207 2272 1261 2319 ro·

130 2368 261 2436 cabula:
288 2371 389 2452 λέγων
412 2377 469 2453 τὴν
496 2375 587 2456 rapto
614 2370 725 2444 αὐτοῖς
749 2373 814 2434 dati
839 2373 961 2437 toaleam
980 2373 1039 2451 (se.
1058 2379 1122 2437 τῶν
1138 2371 1262 2454 ξυμμά-

130 2511 194 2571 χων
219 2480 328 2566 εἶναι).
376 2479 478 2560 Quam
502 2479 609 2569 inepte
635 2480 668 2546 in
694 2480 831 2569 vulgatis
857 2491 922 2548 tres
946 2479 1091 2549 Genetivi
1114 2480 1197 2549 alius
1222 2503 1258 2548 ex

128 2595 190 2663 alio
215 2595 483 2685 suspendanturt

175 2715 216 2778 19
240 2714 257 2796 δ
282 2716 311 2778 1,
338 2712 495 2800 lixpunge
520 2710 616 2778 rerba
640 2714 803 2797 praitoria*
830 2712 1033 2798 Ἀρχίδαμος
1052 2749 1092 2758 -
1109 2715 1259 2798 βασιλεύς

128 2827 239 2916 inepte
264 2848 513 2916 supervacanea.
559 2825 603 2894 Cl.
634 2830 672 2894 10
695 2829 712 2912 δ
736 2829 766 2892 3.
793 2830 833 2892 12
858 2829 874 2911 δ
899 2828 919 2890 3
943 2836 975 2892 et
1001 2831 1052 2894 18.
1093 2825 1260 2894 invectae

38 2965 40 2970 ·
128 2944 484 3028 rapiamur.

175 3062 216 3124 22
233 3060 250 3144 δ
266 3063 295 3124 2.
321 3066 383 3126 καί
403 3065 439 3127 οἱ
454 3060 728 3142 Πελοποννήσιοι.
749 3054 921 3124 Sententia
940 3055 1082 3143 postulat
1099 3056 1258 3140 καί(τ)οι

127 3173 356 3242 nihilominus.

175 3293 216 3356 35
242 3292 258 3375 δ
284 3294 313 3356 l.
336 3299 378 3376 μὴ
403 3295 437 3358 ἐν
463 3297 512 3358 ἑνὶ
536 3289 632 3374 aveat
656 3289 788 3355 πολλῶν
814 3291 931 3372 οίρετας
958 3286 1207 3352 κινδυνεύεσθαι
1226 3278 1260 3350 εὖ

128 3435 163 3476 τε
181 3414 234 3474 καί
253 3417 358 3494 χεῖρον
385 3411 509 3473 ainerti
528 3403 789 3488 [acerentinum]
828 3399 871 3468 (δ’.
898 3398 995 3466 Plato.
1022 3397 1117 3464 Latah.
1142 3395 1258 3463 18713.

125 3529 169 3608 μὴ
200 3525 257 3588 ουκ
291 3529 325 3588 ἐν
363 3531 406 3606 τῷ
440 3527 525 3607 Καρὶ
550 3523 626 3604 ὑμῖν
651 3523 669 3584 δ
695 3520 848 3595 κίνδυνος
875 3517 1107 3600 κινδυνειίηται
1132 3514 1258 3582 ἀλλ’ὲν

129 3649 198 3714 τοῖς
227 3640 341 3705 υἱέσιν.
393 3635 554 3703 ltetinenti
590 3647 810 3716 πιστευθῆναι
840 3630 972 3698 omnino
1008 3627 1192 3696 addendum
1219 3627 1260 3694 sit

128 3781 171 3821 τε
201 3759 269 3819 καὶ
302 3763 366 3838 μή,
401 3752 457 3818 sed
492 3751 652 3838 glossema
689 3769 761 3816 esse
805 3747 971 3836 aliquanto
1007 3743 1085 3810 milri
1132 3741 1262 3811 videtur

127 3865 343 3958 probabilius.

176 3989 220 4051 40
243 3987 260 4069 δ
285 3988 315 4050 l.
341 3990 394 4050 καί
420 3987 567 4067 ε’τίροις
588 3985 667 4066 πρὸς
692 3984 771 4064 ἔργα
794 3980 1025 4064 τετραμμένοις
1050 3981 1090 4042 τὰ
1106 3975 1259 4042 πολιτικοί

128 4109 171 4188 μὴ
200 4103 318 4175 ἐνδεῶς
346 4108 482 4182 γνῶναι.
531 4095 621 4162 llaud
655 4093 795 4161 absurde
826 4091 1008 4160 coniectum
1041 4099 1090 4156 est
1116 4090 1258 4171 ἐ’τερα,

131 4215 190 4282 sed
214 4225 246 4281 et
263 4211 368 4280 lenius
388 4225 419 4279 et
437 4211 543 4301 aptius
560 4209 637 4277 milri
656 4209 784 4277 ridetur
807 4219 976 4294 ἑτεροῖα
1000 4214 1080 4295 πρὸς
1099 4207 1178 4292 ἔργα
1194 4201 1214 4268 i.
1232 4221 1260 4268 e.

131 4329 256 4398 diuersi
278 4327 417 4415 poneris.

177 4448 219 4510 42
238 4453 317 4510 extr.
343 4449 399 4510 καί
418 4450 451 4510 ἐν
472 4444 560 4526 αὐτῷ
578 4445 621 4508 τὸ
645 4445 827 4522 dpatientia:
853 4443 918 4504 ιιαί
944 4447 1090 4506 παθεῖν
1114 4435 1260 4523 μᾶλλον

130 4571 326 4652 ἡγησάμενοι
344 4569 363 4644 ἦ
381 4566 415 4626 σο
433 4560 581 4634 ἐνδόντες
605 4561 766 4636 σώζεσθαι
786 4562 850 4622 xre.
876 4551 995 4620 Loeum
1017 4549 1259 4620 venalissimum

1075 4671 1092 4738 1
1103 4666 1124 4706 il·
