2946 5014
615 423 617 432 ,
640 360 703 420 209

86 547 143 612 οὐδὲ
171 542 215 618 είς
244 545 290 610 λθ
299 567 369 624 γος
395 541 435 620 ἦν
459 544 586 611 πλείονα
610 543 800 626 ψευδομένων
823 541 841 608 θ
847 567 897 625 σῳ
920 544 1073 632 (πλείονα)
1098 544 1259 626 κερδαίνειν

85 667 254 745 βαίλονταιε
286 675 515 731 mercatorum
547 666 646 731 nulla
676 666 864 730 habebatur
896 669 1011 744 ratio,
1047 669 1175 756 quippe
1198 669 1260 755 qni

84 796 205 875 quante
234 791 402 852 maiorem
429 788 521 852 lueri
544 809 637 876 spem
658 790 773 850 animo
793 790 1013 877 conceperint
1034 795 1132 852 tanto
1147 788 1260 877 plura

82 911 219 974 mentiri
248 908 395 972 soleant.
444 907 493 974 lb.
525 929 567 972 rs.
599 910 639 972 2:
673 907 747 972 αλλ’
771 903 828 972 ίσα
851 907 893 988 τῷ
917 905 1089 990 σοφωτάτῳ
1112 915 1263 988 μαρτυρεῖ

81 1029 159 1094 κατα
188 1027 334 1109 Πίνδαρον
355 1027 463 1110 χρθνιρ.
514 1026 677 1116 Quidquid
701 1027 777 1093 olim
799 1026 970 1117 posthaec
996 1027 1091 1093 rerba
1115 1039 1260 1094 secutum

80 1161 141 1227 est,
175 1147 263 1236 (nrm
294 1149 388 1215 rerba
411 1150 466 1224 τίιν
494 1147 716 1230 ἀκριβεστέραν
740 1147 937 1229 κατιίλκψιν,
961 1170 979 1212 n
1003 1147 1117 1237 quihus
1141 1171 1259 1214 norum

80 1269 266 1359 palimpsesti
288 1270 400 1338 folium
425 1271 555 1361 incipit,
582 1293 655 1336 cnm
678 1269 726 1336 his
749 1271 878 1336 omnino
901 1293 966 1336 non
986 1269 1153 1336 cohaerere
1174 1281 1259 1335 reete

80 1390 197 1456 monuit
219 1391 284 1456 inm
305 1390 530 1478 Niebuhrius,)
555 1414 613 1480 pro
636 1398 787 1471 μαρτυρεῖ
804 1388 1006 1456 scribendum
1029 1402 1076 1455 est
1099 1397 1260 1470 μαρτυρεῖ-

80 1532 147 1584 rer:
183 1511 206 1574 i.
237 1533 267 1576 e.
297 1507 355 1575 θσα
386 1512 401 1576 θ
432 1511 612 1594 σοφώτατος
643 1547 688 1560 -
717 1509 823 1592 χρθνος
854 1518 1011 1591 μαρτυρεῖ.
1059 1509 1108 1576 Ib.
1141 1509 1182 1576 θε.
1217 1513 1259 1576 75

80 1652 120 1696 rs.
157 1634 197 1694 7:
236 1631 289 1696 καί
324 1630 415 1698 τοῦτθ
443 1634 477 1710 γ’
506 1632 588 1698 οὐδὲν
617 1631 810 1714 διαφέρον
841 1629 971 1696 έδθκει
1002 1653 1053 1708 μοι
1087 1635 1140 1696 τοῦ
1170 1639 1259 1696 πιεῖν.

80 1747 275 1840 Legendum:
308 1751 359 1816 καί
385 1789 429 1800 -
452 1751 656 1835 διαφέρειν
686 1753 801 1817 δοκεῖ
828 1775 878 1830 μοι
914 1752 978 1818 κτὲ.
1027 1750 1149 1816 [bidem
1174 1752 1193 1834 §
1219 1753 1256 1814 2:

79 1869 127 1934 καί
150 1865 236 1944 οὗτος
255 1871 312 1949 ’μὲν
336 1869 463 1952 ἐσώζετο
487 1876 589 1944 καλῶς
611 1871 774 1951 πονηρὸς
798 1871 850 1936 νίν.
900 1870 1010 1938 Sermo
1034 1884 1080 1937 est
1102 1870 1141 1936 de
1166 1891 1259 1958 aegro

78 1988 220 2074 ῥαίζοντι,
245 2013 343 2080 qnare
367 1991 558 2080 scripserim:
583 1999 758 2073 πονηρῶς
780 1990 892 2076 ἔχειν.

119 2111 191 2202 Prg.
229 2110 293 2178 47¹³
328 2113 418 2178 init:
455 2111 569 2187 διετέθη
605 2118 705 2187 καλῶς
740 2113 797 2178 ὑπὸ
832 2120 887 2190 τῆς
912 2118 1058 2196 σννεχιῦς
1082 2113 1258 2190 ἱππασίας,

78 2231 266 2313 ιαιτεπριίϋνέ
288 2257 324 2298 τε
347 2233 458 2298 καὶτὸ
482 2234 604 2306 λιθῶδες
628 2232 825 2314 ὑπεριοίλαξε.
862 2235 1005 2302 Fortasse
1029 2233 1258 2326 supplendum:

78 2355 251 2432 ίττασίας,
274 2345 316 2442 (t)
345 2352 540 2434 κατεπρθΰνέ
563 2379 597 2420 τε
621 2411 638 2442 ἡ
664 2415 678 2442 ‚
706 2357 757 2421 καὶ
788 2357 823 2423 τὸ
846 2357 968 2431 λιθῶδες
993 2353 1199 2436 ὑπεμιίλαξες
1225 2367 1261 2422 ut

76 2487 141 2562 post
161 2473 307 2540 roenlnm
328 2499 365 2540 τε
384 2475 533 2542 exciderit
556 2477 592 2541 τὸ
616 2473 716 2555 ἄλγος
737 2490 792 2543 aut
810 2477 846 2542 τδ
858 2477 1003 2558 σκλκρθν,
1024 2489 1078 2543 ant
1090 2475 1175 2542 eliud
1187 2500 1259 2543 nes-

21 2655 22 2658 ,
77 2595 121 2660 cio
158 2594 247 2686 quid.
297 2595 354 2662 Sin
384 2597 502 2676 minus3
532 2597 816 2686 transponendum:
856 2589 899 2687 (ir)
931 2597 1125 2678 κατεπράϋνε
1155 2621 1191 2664 τε
1222 2599 1258 2662 τὸ

21 2711 22 2760 ἓ
75 2716 193 2788 λιθῶδες
217 2716 286 2780 καί
313 2713 509 2797 ὑπεροιίλαξε.
547 2717 755 2784 Praetulerim
778 2731 884 2784 tamen
907 2719 1045 2808 priorem
1068 2717 1259 2784 emendandi

21 2891 22 2922 r
76 2837 240 2902 rationem.
301 2835 351 2902 Ib.
395 2839 413 2922 §
457 2841 477 2902 6
513 2839 703 2927 requiritur:
739 2839 884 2919 ἐπολέμει
921 2840 985 2921 γαρ
1025 2840 1073 2921 τῷ
1107 2837 1257 2922 εὐνούχῳ,

21 2981 22 3044 3
75 2956 179 3022 addito
213 2957 359 3022 articulo.
409 2957 481 3023 Mox
512 2981 555 3023 rs.
586 2962 606 3022 4
637 2971 834 3048 expungatur
864 2958 1114 3025 additamentum
1145 2959 1194 3026 vel
1224 2960 1258 3026 in

75 3077 218 3168 Eunnpio
250 3079 437 3174 nentiqnnm
467 3076 633 3144 serendum
665 3101 683 3144 e
713 3078 828 3144 verbis:
854 3079 1010 3161 ὑγρθτερνς
1035 3080 1100 3159 γὰρ
1123 3080 1181 3145 ὑπὸ
1203 3085 1258 3146 τοῦ

21 3261 22 3268 ,
72 3199 304 3279 κατορθώματος
344 3199 410 3287 [καί
446 3199 678 3287 μαλακώτερος]
713 3198 943 3280 γενόμενος-
964 3201 1257 3282 μαλακώτερος

72 3311 103 3389 ἦν
132 3319 381 3403 ιἰριφιφιίασθαι.
430 3319 593 3386 illuditur
616 3332 742 3399 autem,
766 3319 849 3410 qnod
876 3321 922 3386 rix
943 3341 1137 3410 quemquern
1160 3321 1257 3388 latere

21 3519 22 3524 ἵ
72 3437 223 3516 arbitror,
249 3438 289 3504 ad
313 3439 453 3507 nobilem
476 3441 583 3508 loenm
607 3441 812 3506 Homericum
836 3440 927 3508 Iliad.
952 3464 980 3522 χ
1003 3465 1048 3506 rs.
1076 3445 1153 3506 373.

21 3599 22 3648 3
113 3558 191 3648 Peg.
228 3563 307 3634 49¹,
339 3561 378 3626 ir.
415 3565 456 3627 78
489 3585 533 3626 vs.
569 3565 607 3628 4:
641 3561 715 3643 πρὸς
738 3562 779 3628 τὸ
804 3559 927 3640 ίίριισν
950 3561 1122 3627 σταδίου
1145 3583 1256 3640 ruyro·

21 3765 23 3840 ί

68 3679 250 3758 μισοίριενος.
297 3680 400 3769 Lege:
436 3681 508 3763 πρὸς
540 3681 576 3747 τὸ
603 3679 727 3760 ίίαισν
757 3687 825 3778 τοῦΙ
852 3681 988 3746 σταδίαν.
1038 3679 1188 3748 Ceterum
1210 3684 1255 3748 sie

70 3799 281 3866 semibarbare
313 3801 475 3891 Eunnp'urs
506 3803 628 3892 scripsit
658 3825 735 3892 pro:
770 3805 841 3881 πρὸς
865 3800 987 3879 μέσον
1011 3800 1051 3865 τδ
1073 3799 1255 3868 στιίδιον.

70 3919 232 3988 Probabili
257 3922 439 3988 coniectura
467 3923 584 4013 expleri
611 3935 714 4013 potest
742 3943 916 4012 paucerum
944 3921 1121 3988 litterarum
1151 3921 1257 3990 hirtus

68 4040 98 4107 in
122 4067 170 4110 vs.
198 4045 259 4108 14:
286 4042 338 4108 καί
361 4042 475 4110 τούτων
498 4041 589 4124 ἕτερα
611 4037 850 4126 παχύτερακαί
953 4044 980 4109 δ’
1000 4040 1016 4107 ἕ
1023 4067 1065 4108 τε
1073 4067 1138 4124 ρα,
1161 4047 1256 4110 καθα-

68 4161 226 4243 tropeum
264 4163 411 4248 γραφέων
441 4165 620 4246 φλνίναφον.
673 4164 757 4252 Lege
787 4163 911 4242 locum,
941 4175 973 4229 et
1003 4165 1116 4230 senties
1148 4187 1257 4230 rernm

68 4303 150 4348 esse:
192 4283 362 4365 παχύτερα
397 4283 449 4348 καὶ
476 4283 770 4373 (σίναι)δέστερα
793 4284 857 4350 κτέ.
906 4283 1041 4373 Reliqua
1064 4305 1135 4373 pnrs
1162 4282 1256 4348 huius

67 4405 206 4494 excerpti
229 4419 338 4471 omnes
361 4403 550 4471 emendandi
574 4416 704 4471 conatus
729 4403 841 4470 eludit.

107 4525 188 4614 Peg.
215 4529 297 4604 50²,
322 4525 362 4591 fr.
388 4530 430 4591 8:
455 4549 499 4592 rs.
526 4531 565 4590 8:
593 4527 634 4606 τῷ
659 4524 830 4607 παραλθγερ
854 4525 1095 4602 πληγέντες.
1139 4521 1254 4590 Nescio
1307 4557 1319 4570 -

66 4665 101 4710 nn
134 4648 171 4712 in
205 4647 350 4736 Eunnpio
382 4647 455 4714 ferri
487 4648 582 4738 possit
613 4670 689 4736 pro:
725 4643 1023 4722 ἐκπλαγέντες.
1073 4643 1121 4708 nd
1153 4644 1255 4716 vicine

991 4765 1028 4815 27
