2990 5012
144 631 240 702 thiaei
272 631 325 702 Gr.
359 632 414 702 Gr.
440 637 457 720 ξ
482 636 556 702 546.
604 632 726 701 Deinde
758 634 800 712 in¹
816 654 887 722 sqq.
912 633 1085 721 tegendum
1112 661 1273 702 καταπα·

144 757 314 826 αἀοαοτος
338 759 370 816 ct
390 751 733 838 μολυβδοχοήσαντες.
761 747 917 816 Incertior
941 748 1074 836 quidem
1096 758 1145 816 est
1163 769 1272 816 ernen-

144 861 231 932 datio
256 863 429 932 verborum
456 872 525 931 καὶ
551 874 624 950 τὴν
649 872 826 942 ἄνωθεν,
853 862 1002 953 suspicor
1026 875 1151 932 temen:

279 986 348 1047 καὶ
371 991 444 1064 τήν
469 979 501 1064 μ’
527 981 764 1049 ἀνελοῦσαν
791 989 856 1048 κτὲ.

145 1091 164 1159 i.
191 1113 217 1159 c.
242 1101 273 1160 et
296 1112 367 1160 eam
390 1092 444 1158 etti
471 1093 669 1158 immortuus
691 1093 804 1177 suero,
827 1091 859 1158 ni
881 1093 962 1160 sorte
990 1091 1131 1161 subiciet
1147 1093 1272 1182 (quode

149 1217 255 1276 temen
281 1207 370 1274 valde
394 1205 524 1294 dubito)
548 1205 653 1274 lenius
677 1206 874 1275 rescribere:

280 1331 349 1391 καὶ
372 1329 446 1408 τὴν
472 1328 646 1392 α’νόοιον
672 1331 739 1391 κτέ.

190 1437 292 1506 Ptbrr
316 1458 362 1504 vs.
391 1439 472 1504 188:

277 1552 354 1622 ὥστ’
375 1555 449 1623 οὐδὲ
474 1559 587 1637 μεστὸς
613 1565 666 1620 σοῦ
690 1551 802 1636 γέγον’
826 1553 931 1630 οὐδεὶς
953 1559 1097 1621 πώποτε.

143 1669 255 1757 paucis
279 1667 411 1738 mutetis
436 1669 595 1757 originem
620 1668 739 1736 debere
764 1669 893 1737 videtur
917 1667 1025 1735 versui
1052 1669 1135 1734 193:

279 1796 334 1856 σοῦ
361 1785 390 1853 δ’
408 1787 530 1868 ἐγένετ’
555 1785 660 1863 οὐδεὶς
682 1791 796 1870 μεστὸς
819 1786 1037 1853 οὐδεπώποτε.

146 1918 253 1987 neque
276 1899 317 1966 ab
340 1898 411 1988 ipso
436 1909 531 1986 poeta
555 1897 723 1987 proiectus
747 1917 830 1966 esse.

194 2011 238 2082 ib.
265 2035 310 2082 vs.
335 1989 401 2082 202
426 2033 518 2101 sqq.:

237 2140 314 2200 ΧΡ.
332 2131 521 2198 δειλότατόν
541 2129 614 2197 ἐσθ’
629 2137 646 2197 ὁ
662 2130 824 2207 Πλοῦτος.
843 2139 924 2198 ΠΛ.
946 2128 1093 2206 εἨκαττ’,
1113 2127 1198 2194 ἀλλά
1216 2155 1253 2211 με

238 2251 431 2335 τοιχωρύχος
456 2273 504 2322 τις
529 2245 671 2333 διέβαλ’.
720 2245 840 2321 Εἶσδύς
863 2259 924 2331 γάρ
948 2270 1045 2320 ποτε,

236 2361 306 2444 [οὐκ
331 2357 415 2448 εἶχεν
441 2365 485 2436 εἷς
510 2367 568 2442 τὴν
594 2364 702 2428 οἰκίαν
730 2360 825 2428 οὐδὲν
851 2359 983 2446 λαβεῖν]

237 2479 337 2562 εὑρὼν
365 2478 593 2554 ἁπαξάπαντα
620 2474 904 2562 κατακεκλῃμένα,

121 2627 124 2632 ·
237 2587 308 2656 εἶτ’
334 2589 481 2672 ὠνόμασέ
505 2614 567 2671 μον
592 2595 652 2671 τὴν
677 2595 837 2672 πρόνοιαν
865 2589 1007 2657 δειλίαν.

148 2703 200 2770 Vs.
227 2705 290 2769 204
323 2701 441 2768 trustra
472 2699 656 2787 corrigitur.
704 2699 784 2768 Olim
809 2700 940 2768 additus
964 2701 1092 2770 videtur
1116 2721 1133 2768 e
1158 2699 1276 2776 sciolo,

150 2816 207 2906 qui
225 2815 292 2884 sive
310 2815 463 2903 ignorans
482 2815 627 2882 voculam
645 2813 716 2883 εἶτα
730 2816 816 2884 bend
833 2837 906 2884 mro
924 2816 1009 2906 apud
1027 2816 1150 2884 Atticos
1166 2813 1277 2883 inferri

151 2943 225 3024 post
257 2930 464 3019 Panteipiun
498 2929 564 2997 sive
596 2950 661 2998 non
695 2931 802 2999 serens
834 2932 968 3000 verbum
1001 2935 1105 3012 αὀδύς
1131 2931 1280 3000 absolute

54 3067 60 3076 ·
151 3058 360 3137 usurpatum,
386 3045 565 3114 orationem
591 3045 730 3114 hiulcam
755 3067 827 3116 esse
851 3048 1072 3116 arbitraretur.
1120 3047 1181 3115 Ubi
1202 3065 1279 3114 vero

150 3185 257 3234 sermo
281 3173 332 3232 est
356 3162 396 3230 de
416 3163 600 3251 persomme
613 3162 784 3248 parietum
809 3163 898 3230 nullo
921 3163 962 3230 ad
986 3162 1121 3230 verbum
1143 3164 1280 3230 εἰσδύεσ-

151 3293 214 3348 tae
236 3277 455 3346 additamento
479 3296 562 3364 opus
585 3297 657 3344 esse
681 3276 732 3344 vir
756 3274 911 3363 estquod
935 3293 1096 3344 moneam.
1127 3273 1279 3342 Ceterum

151 3395 190 3462 ei.
214 3393 333 3462 Herod.
357 3391 406 3459 cd.
430 3390 529 3460 Stein.
554 3391 590 3458 ΙΙ.
618 3395 680 3457 121
705 3394 722 3476 t
747 3397 776 3458 2.
803 3394 845 3458 10
870 3399 902 3458 et
928 3393 979 3456 lt.
