2944 5002
768 326 810 386 30

193 514 218 578 si
242 535 350 580 revera
375 526 447 579 sunt
469 513 566 603 ipsius
591 511 720 577 Diodori
732 511 847 589 rerba,
873 512 1070 600 scripserim:
1093 513 1386 594 καταμεμφόμενος

192 637 256 717 γὰρ
284 635 369 709 τοὺς
393 635 448 717 τρὸ
473 635 566 699 αὑτοῦ
591 633 822 712 κεκλημένους
847 633 930 698 ἐστίν
954 633 1110 714 σοφοώρ,
1135 655 1209 698 nam
1233 632 1386 698 Datirum

193 779 266 822 cum
309 755 404 824 rerbo
447 753 715 835 καταμέμφεσθαι
753 754 945 842 coniungere
983 767 1029 824 ort
1066 755 1165 819 nimia
1201 753 1384 834 barbaries,

193 900 274 966 quac
297 901 360 942 non
384 875 468 941 cadit
490 877 524 940 in
547 874 678 940 Diodori
698 887 843 940 aetatem.
870 873 909 940 In
928 873 968 938 lr.
991 875 1131 941 XXVIII
1151 874 1386 953 Ἐπαμινώνδου

192 1021 250 1087 pro
278 996 523 1075 Ἐπαμεινώνδου
554 1008 601 1062 est
632 994 750 1060 merua
767 994 969 1060 librariorum
1001 1017 1107 1074 error,
1139 997 1229 1084 isque
1260 995 1385 1062 dudum

193 1119 354 1207 explosus,
380 1131 412 1184 at
436 1117 484 1184 rel
509 1118 553 1184 sic
576 1129 684 1182 tamen
708 1115 861 1182 eiusmodi
884 1114 989 1181 sordes
1012 1117 1149 1182 retinent
1171 1115 1319 1182 editores.

239 1241 311 1307 Una
339 1237 479 1304 litterula
502 1236 655 1302 mutanda
677 1237 801 1303 ridetur
823 1237 857 1302 in
880 1236 917 1302 lr.
945 1235 1074 1316 XXIX,
1099 1237 1155 1302 ubi
1179 1237 1312 1326 legimus
1335 1229 1384 1304 ra.

194 1366 236 1426 35
272 1383 342 1448 sqq.
378 1359 476 1424 haec:
515 1359 529 1424 θ
557 1356 587 1422 δὲ
614 1357 721 1439 χρόνον
750 1358 765 1422 ὁ
796 1356 903 1423 τοίντα
932 1358 1088 1439 μαραίνων
1115 1356 1226 1424 τᾶλλα
1259 1357 1384 1434 ταθτας

195 1480 276 1570 (soil.
300 1479 359 1554 τὰς
382 1477 510 1566 σίρετθις)
531 1476 701 1552 ἀθανάτους
721 1477 896 1562 φυλσίττει,
917 1479 970 1543 καί
991 1478 1197 1559 πρεσβύτερος
1219 1477 1385 1556 γενόμενος

193 1600 309 1672 αὐτὰρ
332 1599 453 1674 τούτοις
478 1607 562 1666 arciri
581 1598 738 1680 νεωτέρας.
783 1599 908 1684 Quanto
930 1599 1044 1664 melius
1066 1598 1146 1665 haec
1168 1597 1252 1664 dicta
1271 1611 1386 1677 erunt,

195 1723 220 1788 si
263 1721 437 1812 scripseris:
483 1722 497 1785 t
543 1720 574 1786 δὲ
608 1720 715 1803 χρθνοο
750 1755 795 1770 -·
831 1719 1036 1802 τρεσβθτερος
1071 1719 1232 1798 γενόμενος
1268 1719 1387 1792 αὐτὸς

194 1845 317 1917 ταύτας
351 1850 434 1910 τοιεῖ
464 1843 629 1924 νευτέραςί
679 1841 821 1908 Verbum
851 1841 1010 1924 μαραίνειν
1033 1839 1182 1906 admonet
1205 1863 1257 1907 me
1282 1840 1386 1906 Ilero·

195 1965 280 2043 doti,
310 1963 394 2054 apud
428 1987 524 2053 quem
553 1963 586 2029 II
612 1988 619 2028 ι
648 1967 690 2028 24
715 1962 753 2027 ad
777 1962 864 2028 hunc
887 1985 988 2051 usque
1014 1959 1099 2026 diem
1122 1961 1282 2052 vulgatur:
1306 1962 1388 2036 οίκδς

194 2087 238 2151 τθι
275 2087 413 2167 ἐγχώρια
447 2084 590 2168 ῥεύματα
626 2083 901 2164 μαραίνεσθαι
936 2089 995 2149 τών
1028 2088 1188 2161 τοταμών.
1248 2082 1388 2150 Putasne

195 2221 232 2272 tu
266 2206 398 2272 rerburn
432 2204 635 2284 μαραίνεσθαι
671 2203 756 2292 quod
782 2203 907 2292 proprie
936 2201 974 2268 de
997 2203 1064 2292 igni
1086 2201 1150 2268 dici
1173 2203 1300 2270 solitum
1325 2205 1388 2292 sig·

195 2327 305 2392 nificat
341 2328 470 2390 aenaim
504 2327 686 2413 extingui,
720 2324 760 2389 ab
792 2323 952 2390 Herodoto
976 2323 1070 2388 unico
1093 2323 1183 2402 loco,
1209 2336 1240 2390 et
1265 2325 1299 2389 in
1321 2323 1389 2390 Ire-

196 2447 400 2538 quentissinro
425 2445 569 2517 rocabuli
594 2469 651 2510 usu
676 2445 795 2534 absque
818 2445 906 2510 omni
925 2443 1088 2533 exemplo,
1113 2455 1301 2533 usurpatum
1320 2469 1390 2512 esse

196 2568 234 2634 de
256 2567 460 2646 fluminibus,
480 2589 562 2656 quaa
581 2566 631 2632 rel
651 2565 744 2630 ardor
761 2564 953 2630 aestirisolis
975 2563 1023 2629 rel
1042 2563 1103 2628 alia
1123 2587 1216 2630 causa
1233 2565 1386 2647 exsiccet3

196 2712 295 2778 quum
328 2687 404 2756 alibi
435 2687 579 2754 sollemni
607 2699 639 2752 et
669 2687 766 2776 ipsius
797 2698 829 2750 et
853 2685 1047 2773 reliquorum
1071 2685 1214 2750 omniurn
1239 2707 1299 2752 usu
1320 2686 1389 2752 fre-

196 2822 367 2898 quentatur
389 2809 520 2875 verbum
532 2806 787 2890 ἀναξηραίνεσθαι
806 2807 855 2873 rel
867 2805 1148 2885 ώτοξκραίνεσθαιί
1174 2807 1242 2896 ligo
1254 2808 1304 2872 rix
1316 2830 1389 2874 cre-

195 2927 348 3006 diderirn‚
373 2941 404 2994 et
428 2929 473 2994 ibi
494 2951 620 3017 quoquc
644 2927 761 2995 scribas
785 2949 841 2992 nos
864 2925 1022 2992 ludificari
1046 2927 1197 3016 suspicari
1220 2927 1317 2994 malo.

241 3047 304 3116 Sed
328 3049 492 3116 redeamus
515 3049 553 3114 ad
578 3062 740 3126 nostrum,
765 3049 853 3116 etin
877 3049 994 3138 fragm.
1010 3047 1100 3113 XXX
1115 3047 1202 3136 (XII)
1227 3049 1390 3117 medicam
1460 3003 1461 3030 r

195 3193 326 3238 manum
358 3169 579 3238 admoveamus
610 3169 841 3248 observationi,
868 3191 930 3258 qua
961 3169 1175 3257 fragmentum
1204 3169 1387 3238 clauditur:

194 3297 253 3358 τών
286 3293 349 3374 γὰρ
384 3295 415 3358 ἐν
449 3292 599 3370 ἐξουσίαις
633 3291 841 3358 ώνυτευθθνιιν
872 3289 961 3355 θντιυν
991 3291 1202 3356 εἰώθεισαν
1232 3289 1297 3356 ἔνιοι
1330 3293 1391 3368 τὴν

194 3413 347 3495 εὐτυχίαν
379 3415 423 3493 μίν
452 3414 556 3496 φέρειν
595 3415 668 3478 κατ’
708 3411 870 3494 ώνθριιτον.
913 3447 958 3460 -
1001 3410 1076 3476 Ἰδοὺ
1104 3411 1246 3476 εἰώθεσαν
1281 3413 1392 3478 excla-

194 3535 314 3614 mabis,
352 3535 442 3625 quasi
476 3533 528 3612 id,
571 3531 656 3624 quod
691 3533 792 3599 bonus
824 3531 979 3598 Diodorus
1013 3555 1069 3598 nos
1099 3531 1211 3612 docet,
1251 3556 1315 3598 non
1349 3535 1394 3602 s‘it
1459 3563 1460 3582 ι

196 3658 337 3722 omnium
368 3655 535 3722 hominum
569 3667 601 3720 et
635 3656 778 3722 omnium
813 3668 1004 3744 temporum.
1052 3651 1259 3720 llubitabisne
1288 3654 1395 3742 igitur

195 3775 366 3842 rescribere
400 3776 552 3853 εἰώθασιν,
589 3775 674 3865 quod
708 3775 841 3842 totidem
876 3775 988 3840 litteris
1021 3771 1147 3840 exhibet
1183 3773 1254 3840 cod.
1295 3773 1397 3840 Vati-

195 3897 343 3982 canus¹).
381 3895 469 3960 Nihil
489 3897 665 3984 significare
688 3896 846 3964 contendo
867 3897 900 3962 in
924 3895 1038 3984 fragm.
1065 3893 1220 3962 XXXVII
1240 3894 1397 3962 ultimam

195 4018 401 4089 sententiam:
434 4011 478 4089 είς
507 4040 554 4094 γε
585 4024 643 4084 τών
674 4015 707 4084 εὖ
729 4019 919 4084 τετονθθτιιν
942 4015 1035 4081 ἐνίοτε
1059 4016 1113 4090 τίνι
1138 4016 1211 4100 ὑπὲρ
1238 4015 1399 4084 σίτσίντων

197 4189 360 4208 —a—-U

233 4289 263 4356 1)
301 4283 466 4338 Contrarium
495 4301 608 4338 errorem
637 4286 734 4360 castiga
763 4283 824 4338 libr.
853 4287 928 4340 XX:
949 4287 982 4353 o,
1011 4305 1036 4359 p.
1066 4288 1133 4340 tlt:
1162 4284 1212 4342 διδ
1244 4288 1293 4340 καί
1325 4297 1404 4353 ταῖς

196 4387 321 4454 πρῴραις
346 4375 458 4455 δέρρεις
485 4377 702 4448 κατεπέτασαν,
733 4380 804 4454 ὅπερ
837 4376 884 4434 dat
913 4389 1012 4436 ποιεῖν
1039 4378 1224 4443 εἰώθασιν.
1254 4381 1329 4437 ὅταν
1364 4404 1404 4440 τε

197 4472 284 4528 κακὸν
301 4475 428 4550 δημοσίᾳ
446 4475 657 4550 συμβεβηκέναι
678 4476 749 4551 δόξῃ
769 4478 802 4546 τῇ
823 4471 1037 4550 Καρχηδονίων
1055 4477 1148 4533 πόλει.
1182 4474 1287 4530 Diodori
1301 4481 1407 4534 aetate

197 4565 235 4619 ita
261 4567 370 4622 scribare
399 4569 431 4624 de
458 4570 553 4645 populo
575 4567 677 4624 dudum
704 4569 831 4624 exstincto
854 4569 1070 4628 absurdissimum
1099 4583 1145 4628 cst.
1184 4571 1406 4646 corrigendum:

198 4657 356 4716 εἰώθεσαν
377 4664 434 4724 nri.
473 4665 508 4721 cf.
529 4665 565 4722 ib.
589 4685 613 4740 p.
634 4667 687 4720 tto
707 4662 760 4720 lere
776 4664 842 4720 mod.
