2946 5014
86 536 204 616 οίρίστυν
222 531 369 615 υίνανδρία
391 533 425 595 ἕν
448 533 571 613 ἑαυτῇ
593 533 788 604 καταλῦσαι,
812 527 865 592 ubi
880 527 937 592 viri
955 528 1039 594 docti
1058 541 1264 618 reposuerunt

85 657 110 719 ἐν
131 656 248 736 ἑαυτῷ.
300 622 392 738 Quod
416 664 522 716 tamen
548 673 598 715 me
623 648 726 714 iudice
750 650 793 714 ita
818 660 902 714 recte
925 649 1089 729 fecerunt,
1116 664 1151 716 ut
1170 653 1265 716 etiarn
1304 699 1317 722 .

85 777 144 840 loco
174 785 302 850 nostro,
336 773 411 862 quia
441 795 477 838 er
499 767 842 860 oraticne‘Hyperidea
867 781 1007 834 sumtum
1031 792 1096 835 esse
1120 784 1263 850 constat,

85 893 243 964 scrutalus
273 895 311 956 ἐν
343 893 470 974 ἑαυτῷ
501 892 565 956 κτὲ.
595 890 741 979 vulgatae
772 889 900 954 lectioni
931 889 1025 979 longe
1040 891 1263 989 praetulerim.

84 1013 126 1078 lta
155 1036 185 1077 r.
220 1034 249 1077 e.
286 1023 396 1078 auctor
428 1011 576 1076 arationis
609 1009 804 1100 Philippicae
833 1022 964 1098 quartae
989 1012 1006 1094 §
1033 1015 1094 1076 73:
1122 1013 1211 1078 ἀλλὰ
1235 1015 1269 1088 νὴ

79 1134 142 1202 -Δία
168 1132 315 1214 παππῴα
337 1133 390 1198 καί
415 1132 545 1214 πατρῴα
569 1129 642 1208 δύξα
667 1155 710 1196 σοι
735 1129 890 1212 ύποίρχει,
914 1123 947 1204 ἣν
971 1131 1099 1213 αἰσχρόν
1123 1133 1204 1198 ἔστιν
1229 1135 1267 1196 ἐν

85 1253 137 1316 σοί
180 1256 434 1319 καταλῦσαι.
459 1323 467 1347 ι
493 1248 646 1316 Similiter
683 1249 800 1315 dicitur
834 1251 981 1332 σύζεσύαι
1017 1250 1047 1316 ἔν
1082 1276 1157 1330 τινι,
1192 1252 1265 1318 alia.

87 1359 211 1438 Heinde'
232 1374 265 1436 in
289 1369 390 1437 verbis
415 1390 496 1459 quae
521 1392 614 1459 supra
638 1370 855 1460 exscripsimus
878 1373 904 1436 εί
928 1408 974 1421 -
993 1371 1106 1456 ἐξυσύῇ
1135 1372 1269 1439 debetur

85 1489 191 1576 ἕξινσύῇ
222 1489 390 1558 Niebuhrii
422 1491 642 1568 coniecturae,
668 1513 764 1579 quarn
786 1491 880 1556 nimis
904 1489 1005 1557 calide
1029 1493 1161 1582 arripuit
1186 1493 1270 1559 Mul-

84 1612 162 1679 lerus
191 1634 250 1703 pre
283 1634 339 1690 eo,
372 1609 457 1700 quod
489 1610 591 1678 lllaius
625 1609 774 1688 dederat,
798 1610 955 1696 ἔξισυσύῇ.
1004 1612 1081 1698 Quis
1103 1614 1209 1692 anun,
1235 1627 1271 1678 ut

84 1745 221 1812 taceam,
258 1732 446 1798 necessitate
481 1732 596 1796 coactis
620 1731 783 1820 optionem
807 1729 919 1816 (ἕλοιτο
942 1743 989 1797 est
1011 1732 1045 1796 in
1068 1733 1269 1820 praegressis)

82 1852 147 1918 dari
169 1851 312 1932 nullam,
337 1853 371 1918 in
395 1851 556 1940 Hyperide
587 1851 668 1918 ferat
694 1852 932 1918 coniunctisum
955 1852 1193 1942 postaoculam
1216 1853 1270 1918 al?

83 1971 142 2040 Sed
165 1972 247 2039 nihil
270 1995 349 2064 opus
374 1985 420 2038 est
442 1972 550 2037 multis
575 1970 689 2052 verbis3
716 1994 791 2037 nam
816 1971 912 2040 codar
937 1971 1051 2040 diserte
1074 1971 1154 2039 mihi
1182 1971 1271 2039 erhi-

82 2093 165 2160 buit:
198 2093 266 2159 ιιαί
298 2095 344 2174 μὴ
374 2094 417 2174 τῷ
441 2083 599 2173 συμβιίντι
624 2090 880 2169 attestatae
903 2093 936 2158 in
961 2093 1076 2182 quibus
1101 2092 1205 2160 rideas
1231 2115 1271 2158 an
1318 2174 1321 2180 Ι

81 2213 160 2282 forte
189 2236 248 2304 pro
277 2211 437 2293 τυμβοίντι
469 2210 639 2301 legendum
672 2212 719 2284 sit„
741 2214 784 2296 τῷ
812 2212 997 2294 σύμπαντι,
1029 2227 1065 2280 ut
1096 2212 1271 2304 Hyperides

82 2333 114 2397 τὸ
138 2333 269 2414 σύμπαν
291 2333 449 2399 vocaverit
468 2335 667 2397 universam
689 2335 889 2412 civitatem,
910 2345 942 2400 et
958 2355 1065 2400 sensns
1084 2335 1143 2414 sit,
1166 2357 1273 2423 neque

85 2453 225 2540 (εύιιλείρι
247 2429 331 2542 icil.)
358 2455 597 2542 aequiparare
620 2455 798 2518 civitatem
809 2502 819 2532 ,
845 2457 944 2518 cuias
968 2458 1056 2519 civis
1082 2458 1143 2520 sit.

125 2573 183 2640 Vs.
218 2577 279 2638 10:
313 2573 403 2648 Μηδὲ
430 2570 482 2638 σύν
505 2572 562 2652 μὲν
585 2569 756 2638 οίντίπαλον
779 2569 901 2649 δόξαιτε
925 2573 1114 2656 θεραπεύειν,
1140 2578 1273 2655 παρορᾶν

81 2695 110 2759 δὲ
141 2695 179 2761 τί
213 2718 249 2759 τε
281 2689 423 2774 ὑμέτερον
453 2690 610 2774 Φρύνιιμα,
630 2690 683 2757 καί
714 2693 770 2767 τὴν
801 2692 835 2758 εἰο
864 2697 918 2760 τού
941 2695 1006 2759 θεοῦ
1030 2693 1215 2776 ὑπουργίαν,
1240 2685 1274 2766 ἣν

80 2817 140 2894 χρὴ
177 2813 378 2886 σπεύσαντος
413 2811 470 2900 (sic
498 2810 569 2878 cod.
596 2835 654 2901 pro
683 2812 871 2901 πεύσαντες)
904 2813 949 2880 δι’
976 2816 1106 2880 αὐτῶν
1132 2815 1274 2890 νούσοι-

80 2937 185 3000 σύαι.
236 2932 357 3002 Ultima
393 2931 489 2998 rerba
510 2932 780 3024 interpretantur,
808 2935 897 3022 quasi
919 2934 1096 3022 legeretur:
1130 2937 1273 3018 ύαρριῖσαι

80 3053 128 3119 rel
159 3053 254 3134 ύυμον
283 3051 369 3134 ἔχειν
400 3051 539 3130 matta,
569 3075 626 3142 per
656 3053 738 3116 ὂοιιο
770 3056 885 3120 animo
913 3075 1009 3134 esse,
1042 3054 1095 3120 scd
1120 3077 1184 3143 qno
1208 3056 1277 3121 iure

77 3175 137 3262 ipsi
172 3173 361 3263 interpretes
395 3171 533 3274 videant.
583 3171 618 3238 Si
648 3196 699 3239 me
731 3173 839 3251 audis,
872 3196 976 3264 neque
1008 3196 1134 3242 sensum
1155 3174 1276 3242 habent

79 3294 207 3373 ullum,
239 3315 344 3382 neque
375 3292 451 3358 satis
481 3291 587 3358 Attica
618 3305 711 3371 sunt,
742 3315 818 3358 nam
840 3295 941 3360 forma
964 3277 1068 3360 media
1091 3295 1179 3362 serbi
1201 3304 1276 3362 νοεῖν

78 3416 185 3504 poetis
223 3425 256 3480 et
296 3412 429 3479 Ionibus
469 3412 679 3502 relinquenda
714 3437 779 3480 esse
810 3413 945 3481 videtur.
994 3415 1107 3483 Latere
1138 3417 1279 3506 suspicor

78 3533 424 3614 διαγωνίσασθαι
468 3533 537 3599 scil.
583 3533 655 3615 πρὸς
690 3535 760 3608 τοὺς
795 3533 990 3607 Μακεδόνας.
1038 3535 1158 3601 Habuit
1191 3537 1278 3602 enim

80 3654 170 3720 hane
210 3654 386 3720 orationem
425 3653 620 3744 Hyperides,
661 3677 743 3743 qua,
780 3655 924 3722 nuntiata
953 3667 1055 3720 morte
1088 3654 1277 3736 Alexandri,

82 3773 338 3844 Atheniensibus
371 3773 593 3864 persuaderet,
626 3787 661 3840 ut
684 3774 806 3842 bellum
824 3775 1018 3865 susciperent
1041 3787 1150 3842 contra
1173 3777 1280 3846 Mace-

79 3895 200 3964 donas.

126 4019 190 4084 Vs.
219 4019 281 4084 15:
309 4019 553 4104 Σωφροσύνη
580 4018 606 4083 δ’
630 4020 781 4102 ἀνδρῶν
804 4031 867 4095 τοῖς
891 4045 925 4086 τι
949 4023 984 4086 ὲκ
1007 4029 1063 4097 τῆς
1087 4019 1188 4103 τύχης
1211 4046 1281 4104 πρι-

78 4138 287 4223 φαινομένοις
320 4135 354 4205 sal
384 4139 574 4222 χρίσασθαι.
622 4139 711 4206 Nove
742 4153 773 4208 et
803 4141 882 4206 mire
905 4141 1028 4206 dictum
1049 4163 1107 4231 pro
1131 4121 1282 4224 στιφρό-

80 4285 155 4328 νυν
183 4260 212 4326 δ’
237 4259 349 4326 ἔστιν
372 4260 541 4341 ἀνδρῶν,
567 4261 651 4351 quod
675 4261 745 4326 ride
769 4285 809 4326 an
832 4260 1050 4351 reponendum
1073 4263 1123 4327 sit.

128 4383 195 4448 Vs.
215 4383 290 4466 ,1⁷2
317 4380 360 4458 μίν
384 4380 526 4463 παριέναι
548 4386 607 4446 τῶν
631 4387 768 4447 κοινῶν
792 4382 827 4448 τὸ
850 4380 1279 4469 ἕφεστιικύς..ουτιί8υῑυιι

27 4481 28 4488 ί
81 4513 142 4570 τῶν
170 4501 324 4582 καιρῶν
347 4500 381 4566 τὸ
406 4501 580 4576 ἐνεστηκός
604 4501 683 4566 illud
707 4523 780 4568 cum
805 4501 876 4570 cod.
902 4501 975 4568 Vat.

129 4625 219 4712 Pag.
253 4620 338 4688 669¹³
375 4623 415 4692 fr.
449 4624 495 4688 s':
532 4623 733 4704 Ἀνὲγιιοιντοι
762 4624 793 4690 δὲ
826 4623 1009 4704 σύμμαχοι,
1043 4620 1100 4687 κίον
1136 4620 1283 4700 ἐοιοίττους
