2944 5002
671 336 711 396 67

135 521 193 590 llet
224 535 332 590 autem
350 534 478 610 praeter
501 520 588 588 hunc
611 520 718 586 locum
742 519 821 584 alius
844 517 898 584 sed
918 519 944 584 is
967 517 1129 606 aliquanto
1149 537 1282 605 sospes-z

89 653 162 723 tus,
204 643 261 710 nbi
302 649 415 724 χρῖμα
456 639 568 708 eodem
609 663 703 708 sensu
743 639 895 729 singulari
933 660 1067 704 numero
1102 637 1280 702 adhibitum

89 775 201 828 exstat.
249 764 381 854 legitur
413 764 446 828 in
475 763 627 852 excerptis
657 760 908 829 Souriolensibns
939 760 979 826 fr.
1013 759 1104 826 XXX
1134 783 1179 824 rs.
1211 763 1276 824 33:

90 885 145 950 καὶ
168 885 203 950 τὸ
227 884 285 964 μὲν
308 890 383 967 χρή
391 908 448 962 μα
471 887 504 950 οὐ
529 882 694 962 δννιίμενοι
717 883 881 964 πορίσαι
904 882 946 962 τῷ
967 881 993 945 δ’
1013 878 1097 963 ἔρωτι
1117 879 1280 953 ἀσαλεύτου

91 1003 149 1070 uhi
176 1017 285 1071 tamen
316 1005 386 1074 lieri
418 1005 514 1095 possit
546 1016 581 1070 ut
603 1003 840 1072 rescribendum
863 1003 922 1068 sit:
949 1001 1001 1068 καί
1024 1003 1058 1068 τὸ
1082 1001 1138 1080 μὲν
1160 998 1279 1081 χρέος

93 1129 125 1191 οὔ
159 1125 324 1206 δννάμενος
358 1131 558 1194 ἀποτῖσαι
594 1125 709 1192 collato
743 1125 800 1192 lib.
838 1123 975 1191 XXXVI
1008 1124 1048 1190 Ir.
1084 1133 1097 1190 l
1133 1146 1177 1188 rs.
1212 1126 1277 1188 25:

92 1247 146 1310 καῖ
164 1244 272 1328 χρόνον
294 1243 379 1327 ιῖίρισε
401 1248 469 1312 καθ’
493 1237 524 1310 in
547 1245 739 1312 ἀποτίσει
762 1246 805 1311 τί
828 1244 966 1328 χρέος,
990 1267 1053 1334 quo
1076 1244 1147 1312 loeo
1169 1243 1280 1310 endem

91 1365 223 1432 historia
257 1378 405 1432 narratur
438 1364 582 1456 pluribus
612 1365 726 1432 rerhis.
774 1365 844 1432 lloc
876 1366 1084 1434 certissimum
1107 1377 1154 1431 est
1176 1366 1281 1456 ipsum

91 1485 268 1552 Diodorum
298 1485 434 1552 seribere
464 1509 527 1552 non
557 1487 695 1576 potuisse
722 1486 827 1565 ὀλίγον
851 1487 1015 1568 χρήματος
1038 1487 1089 1552 rel
1111 1487 1146 1554 τί
1169 1494 1283 1568 χρῆμα

91 1608 214 1689 πορίσαι
238 1606 289 1674 rel
310 1612 364 1672 τοῦ
388 1606 569 1686 σύμπαντος
592 1609 756 1689 χρήματος
779 1631 838 1698 pro
858 1631 993 1674 numero
1017 1606 1147 1672 Plurali.

135 1727 191 1794 ltr.
215 1726 245 1792 X
267 1750 313 1792 rs.
340 1731 383 1792 33
406 1727 497 1816 lege:
523 1723 574 1794 ὅτε
600 1726 670 1818 (pro
693 1725 781 1817 ὅταν)
807 1765 852 1780 ·-
873 1729 1031 1810 διέτριβεν.

135 1847 192 1914 Fr.
230 1847 310 1914 XIII
347 1846 404 1935 (X)
441 1871 484 1914 rs.
523 1849 577 1914 28.
626 1847 866 1938 Supplcndum:
905 1846 957 1914 καί
980 1847 1106 1928 ὁμήρους
1129 1843 1206 1912 εἶναι
1230 1843 1281 1920 οὓς

91 1968 169 2057 (ἀν)
193 1967 402 2050 ἀπσγράψοσι
425 1975 579 2046 Ῥωμαῖοι.
629 1969 761 2036 Gravius
784 1967 1010 2035 detrimentum
1034 1967 1118 2057 cepit
1140 1967 1179 2032 fr.
1205 1967 1282 2033 xlv

93 2089 192 2178 (n),
217 2089 273 2156 ubi
297 2090 341 2154 sic
359 2089 476 2178 legitur
496 2113 539 2156 rs.
563 2095 605 2156 34
625 2113 710 2180 sqq:
731 2086 774 2162 οίς
797 2093 892 2156 πάσιν
917 2093 934 2167 ή
958 2090 1135 2168 σύγκλητος
1156 2089 1282 2168 ἀγαθοῖς

90 2210 226 2282 ἐλπίδας
259 2209 486 2294 ὑπογράφονσα
508 2210 606 2294 ἔφησε
630 2211 705 2276 δέκα
724 2211 922 2292 πρεσβεντάς
941 2213 1153 2276 ἀποστελεῖν
1176 2209 1282 2300 (vulgo

91 2354 260 2422 perperam
291 2331 509 2420 ἀποστέλλειν)
538 2334 582 2406 είς
605 2333 660 2406 τήν
683 2333 795 2398 Ἀσίαν
817 2333 887 2407 τοὺς
910 2332 996 2411 μετά
1019 2339 1077 2398 τῶν
1101 2336 1283 2413 στρατηγῶν

90 2449 261 2519 εἴπαντα
295 2449 432 2528 ἕξοντας.
491 2452 564 2518 Post
593 2450 752 2518 devictum
785 2451 979 2520 Antiochum
1009 2453 1154 2520 certatim
1188 2453 1283 2518 totius

92 2571 190 2639 Asiae
219 2573 324 2662 reguli
345 2585 377 2640 et
401 2573 541 2640 eiritetes
564 2573 696 2640 mittunt
720 2573 854 2639 Romam
878 2573 1017 2663 legatos,
1041 2573 1097 2662 qui
1120 2573 1284 2661 gratulen-

90 2706 144 2760 tur
180 2693 219 2760 P.
255 2693 297 2762 lt.
329 2693 487 2784 simulque
517 2706 647 2784 petant,
685 2706 722 2759 ut
748 2693 855 2760 liberis
886 2693 945 2760 sibi
976 2715 1042 2759 esse
1071 2691 1177 2759 liceat.
1226 2693 1283 2758 His

90 2827 219 2880 senatus
242 2813 430 2903 respondet:
456 2851 503 2864 -
524 2814 600 2880 δέκα
623 2814 820 2896 πρεσβεντάς
840 2815 1090 2880 ἀποστελεῖν-
1104 2813 1176 2888 τοὺς
1195 2813 1282 2893 μετά

91 2937 152 3000 τῶν
196 2942 378 3018 στρατηγῶν
410 2933 541 3004 ἅπαντα
576 2933 835 3012 διατάξοντας.
899 2933 990 3021 Quod
1023 2935 1086 3000 inm
1121 2933 1285 3002 lleisltium

91 3055 185 3122 rideo
216 3057 389 3146 reperisse,
416 3068 449 3123 et
476 3057 544 3123 sine
575 3055 672 3121 dubio
700 3077 811 3121 rerum
842 3067 900 3122 est.
950 3053 1003 3122 Sic
1033 3079 1063 3122 r.
1088 3079 1116 3122 o.
1142 3055 1284 3144 loquitur

94 3188 203 3243 noster
228 3177 264 3242 in
293 3175 351 3243 lib.
382 3176 538 3244 XXXVII
568 3177 610 3242 fr.
644 3181 664 3241 6
693 3199 738 3241 rs.
772 3180 809 3241 7:
844 3177 917 3254 μετ’
946 3177 1042 3242 αὐτοῦ
1066 3177 1283 3258 συνήδρευε

91 3296 317 3378 βαλενίμεννς
338 3299 391 3364 καὶ
414 3297 554 3364 πάντα
576 3296 801 3364 διατάττιον
825 3297 877 3362 καί
902 3297 1038 3378 κρίνων
1061 3297 1104 3363 τά
1123 3297 1209 3364 κατά
1228 3299 1283 3374 τήν

93 3417 265 3500 ἐπαρχίαν.
312 3415 465 3483 Similiter
494 3418 560 3483 lere
591 3417 614 3484 l.
648 3441 681 3484 n.
713 3417 861 3483 scribitur
890 3418 924 3482 in
955 3441 1023 3507 sqq.
1052 3419 1114 3484 sie:
1148 3418 1283 3484 καὶτῶν

9 3523 11 3540 ί
93 3537 169 3604 δέκα
194 3537 353 3619 πρέσβεων
376 3538 461 3616 μετά
484 3543 542 3603 τοῖν
565 3539 632 3619 περὶ
657 3539 815 3605 Σκιπίωνα
838 3537 890 3603 καί
919 3537 984 3626 [τὸν
1007 3539 1167 3627 expunge]
1190 3539 1283 3620 Αίμί-

93 3674 158 3724 λιον
180 3655 549 3738 σννεδρενσάντιον.
575 3656 735 3738 ἔκριναν
758 3653 837 3724 οὖτοι
861 3658 925 3724 κτὲ.

138 3780 261 3870 Lrpsus
289 3778 404 3846 calami
425 3777 563 3869 perdidit
586 3779 691 3846 minor
715 3778 854 3869 Philippi
877 3777 1016 3858 dictum,
1043 3780 1127 3868 quod
1151 3781 1226 3847 iecit
1248 3783 1282 3848 in

9 3905 10 3960 ἐ
96 3900 279 3980 Thessalos,
312 3921 412 3989 quum
442 3911 567 3990 praeter
597 3922 685 3990 spem
716 3900 934 3966 Romanorum
965 3898 1080 3966 auxilio
1103 3901 1283 3968 libertatem

96 4033 353 4113 recuperassent,
387 4020 465 4100 sibi,
499 4021 631 4110 pristino
662 4019 809 4096 domino,
844 4019 1012 4087 immodice
1045 4021 1280 4090 maledicentes.
1378 4101 1382 4112 .

9 4125 11 4162 ἶ
97 4141 253 4210 scribitur
298 4153 406 4210 eutem
440 4141 500 4207 sic:
539 4137 584 4207 ίτι
619 4179 666 4191 -
697 4141 860 4222 λοιδοροῦσι
895 4141 965 4213 τοὺς
1000 4143 1281 4224 προγεγενημένονς

9 4331 10 4336 ,
95 4265 231 4344 ιονρίονς,
252 4265 307 4330 οὐκ
330 4260 443 4336 είδίτες
467 4256 512 4326 ὅτι
534 4260 616 4328 οὔπα
640 4264 704 4336 τοῖς
728 4265 862 4334 αὐτοῖς
887 4263 901 4327 d
925 4260 1140 4338 ήλιοςδίδοκε,
1167 4263 1282 4350 quibus

96 4385 217 4464 retiis,
241 4397 278 4450 ut
300 4405 387 4449 nunc
410 4381 610 4462 scribuntur,
634 4383 738 4472 ipsum
755 4383 949 4448 contrarium
969 4384 1164 4472 significatur
1184 4404 1283 4470 quum

9 4517 11 4600 ᾗ
95 4506 147 4586 id,
178 4507 265 4596 quod
296 4505 445 4595 cogitavit
475 4503 615 4594 dixitque
640 4503 822 4594 Philippus,
849 4505 901 4570 cui
924 4527 1017 4571 suum
1040 4504 1206 4570 reddamus
1231 4529 1283 4573 re.

1021 4622 1062 4673 9*
