2944 5002
652 355 692 416 31,

97 540 181 604 ἔδωκε
192 540 295 622 χάριν,
309 553 480 630 antequam
492 541 523 608 id
528 571 537 621 ς
552 542 636 633 quod
648 543 782 633 scripsit:
798 538 841 616 εἷς
853 542 893 621 γε’
906 567 964 617 τις
981 547 1092 607 τῶν-
1103 542 1258 608 ἀπέδωκε

97 659 177 742 χάριν.
211 663 333 728 auctori
359 663 459 728 inerit
482 664 674 731 restitutum.
719 665 847 753 Fragm.
874 663 947 730 XLI
972 663 1079 750 (XVII
1105 665 1122 747 §
1152 663 1184 751 1)
1217 665 1260 729 sic

31 815 32 820 ¹
97 781 174 848 edidit
206 783 329 848 Bakk.:
371 779 416 850 dre
450 786 581 861 Ζήνωνος
615 791 667 853 τοῦ
701 785 875 870 φιλοσόφου
906 785 957 850 δια
987 785 1043 860 τὴν
1075 785 1259 865 ἐπιβουλήν,

97 899 130 972 ir
145 905 222 970 αυτοὶ
243 908 298 970 τοῦ
322 905 469 987 Νεοὶρχου
492 913 546 972 τοῦ
567 906 711 990 πυροὶννου
735 908 1042 983 ουνεστιὶσατος
1068 917 1100 970 et
1118 906 1261 972 similiter

98 1023 245 1102 llnllerus,
275 1026 336 1091 nisi
367 1026 452 1116 quod
482 1028 605 1118 scripsit
627 1030 932 1104 κατεστήσατο.
980 1025 1124 1114 Uterque
1147 1049 1258 1092 eorum

99 1167 124 1208 er
142 1146 244 1236 fragm
273 1152 315 1212 42
340 1148 495 1238 supplerit
514 1149 660 1231 verbum,
687 1149 772 1239 quod
785 1150 844 1216 sibi
856 1148 1258 1227 ridebaturnecessarium3

98 1287 152 1330 ram
171 1267 273 1334 Maius
296 1269 377 1334 nihil
399 1269 496 1337 habet
519 1271 596 1336 nisi:
624 1271 675 1338 tot
697 1274 752 1348 τὴν
774 1272 958 1351 ἐπιβουλήν,
982 1265 1022 1343 ἣν
1040 1306 1087 1318 -
1103 1269 1258 1350 τυράννου.

97 1385 255 1454 Pronomini
287 1389 420 1456 relativo
451 1392 477 1455 si
507 1413 605 1456 unam
636 1391 760 1457 literam
795 1391 1005 1469 addidissent,
1039 1411 1146 1456 reram
1171 1413 1262 1480 repe·

97 1508 184 1574 riam
217 1509 401 1592 lectionem;
436 1533 511 1577 nam
545 1511 615 1578 cod.
648 1512 721 1578 Vat.
750 1512 865 1579 diserte
896 1511 1012 1578 hahet:
1047 1513 1098 1578 δια
1120 1513 1176 1585 τὴν
1199 1512 1261 1576 ἐπι-

96 1628 187 1704 βουλὴν
210 1633 283 1707 τὴν
307 1632 392 1698 κατὰ
415 1637 468 1697 τοῦ
492 1631 641 1715 Νεοὶρχου
664 1637 718 1699 τοῦ
742 1631 898 1715 τυραννον.
948 1631 1039 1717 Quod
1064 1643 1262 1723 quantocyus

96 1751 303 1837 reponendum.
353 1751 533 1818 Articulum
565 1765 638 1818 ante
669 1753 816 1836 Νεοέρχου
848 1753 953 1818 tribuo
984 1752 1184 1842 epitomatori
1208 1751 1263 1840 qui

96 1868 127 1932 ita
145 1875 273 1959 pessime
297 1873 433 1940 seribere
457 1875 547 1940 solet.

127 1989 242 2058 Nomen
273 1996 437 2083 proprium
468 1994 616 2062 excidisse
646 2007 776 2086 apparet
807 1996 840 2060 in
863 1995 902 2060 fr.
930 1993 1020 2060 XLII
1046 1992 1153 2080 (xvll
1180 1995 1197 2077 §
1225 1992 1260 2079 2)

95 2111 167 2191 init,
190 2112 277 2202 quod
296 2113 407 2204 supple
425 2115 607 2181 scribendo:
633 2113 679 2182 ὅτι
703 2116 940 2198 τυραννουμένης
958 2121 1014 2191 τῆς
1035 2114 1180 2196 πατρίδος
1203 2115 1261 2180 ὑπὸ

93 2231 216 2316 Νειὶρχου
249 2241 386 2316 σκληρῶς
419 2235 544 2324 (Ζήνων)
584 2238 751 2318 ἐπιβουλήν
779 2239 847 2308 eri.
895 2237 934 2302 ln
963 2235 1167 2326 sequentibus
1190 2257 1264 2302 nar·

93 2365 163 2420 ratur
194 2357 301 2436 Zeno,
339 2369 374 2422 ut
408 2356 476 2422 dira
500 2371 675 2438 tormenta,
706 2358 822 2447 qrribm
846 2358 1063 2437 afficiebatur,
1088 2357 1263 2446 effugeret,

94 2475 236 2543 simulasse
258 2501 292 2543 se
315 2490 414 2544 totam
438 2503 504 2545 rem
532 2493 667 2568 tyranno
690 2480 925 2569 patefacturum
949 2503 1035 2558 esse,
1065 2480 1121 2568 qui
1145 2501 1264 2567 quum,

91 2617 123 2660 ne
138 2597 389 2678 circumstantes,
417 2598 462 2686 (id
482 2601 567 2666 enim
591 2601 675 2666 Zeno
695 2601 755 2665 sibi
766 2613 877 2690 pactus
890 2600 992 2687 erat),
1017 2621 1084 2664 rem
1097 2598 1263 2677 audirent,

92 2737 183 2784 eurem
210 2743 301 2785 suam
326 2720 445 2786 Zenoni
472 2721 600 2810 propius
626 2721 834 2800 admovisset,
859 2720 1065 2810 philosophus
1088 2719 1265 2800 aspexeritis

91 2839 118 2902 τὸ
139 2837 183 2914 οὖς
206 2841 344 2922 ἕνέπρισε
367 2849 431 2913 τοῖς
451 2841 565 2920 ὀδοῦσι,
589 2847 647 2908 τῶν
671 2842 698 2908 δ’
721 2843 875 2923 ὑπηρετῶν
899 2842 986 2924 ταχὺ
1012 2840 1264 2933 προσδραμόντων

91 2959 131 3022 τοὶ
148 2965 255 3027 πᾶσαν
274 2964 316 3043 τῷ
334 2961 566 3044 βασανιζομένῳ
583 2962 812 3046 προσφερόντων
835 2963 983 3046 τιμωρίαν
1006 2963 1049 3036 εἰς
1061 2963 1096 3028 πὸ
1116 2959 1263 3044 χαλάσαι

91 3080 250 3161 atowe,
271 3084 350 3150 aetii
363 3086 487 3162 μᾶλλον
499 3082 735 3166 προσενεφύετο.
757 3083 846 3157 τέλος
865 3083 892 3149 δ’
911 3086 945 3149 οὐ
965 3083 1129 3162 δυνάμενος
1142 3083 1266 3163 τάνδρὸς

91 3208 194 3274 νικῆσαι
230 3205 287 3278 τὴν
321 3205 480 3287 εὐψυχίαν
514 3202 735 3286 παρεκάλεσαν
758 3205 851 3269 αὐτὸν
882 3201 932 3270 ἵνα
958 3205 1016 3287 lui
1039 3205 1108 3278 τοὺς
1131 3203 1266 3277 ὀδόντας.

92 3319 148 3388 il'on
158 3337 224 3404 est,
237 3325 369 3414 opinor,
383 3325 549 3391 verisimile
562 3325 726 3390 carnifices
738 3375 746 3404 ,
760 3337 928 3414 postquam
943 3324 1168 3415 philosophum
1185 3325 1268 3388 irua-

31 3501 32 3522 ,
92 3453 129 3506 tra
155 3449 244 3512 omni
276 3445 420 3512 dolorum
444 3469 560 3536 genere
583 3447 830 3526 excruciassent,
860 3445 988 3513 tandem
1009 3469 1083 3514 enm
1107 3449 1267 3510 hortatos

90 3585 170 3646 ease,
207 3580 245 3633 ut
280 3591 389 3634 aurem
419 3568 502 3658 regis
529 3567 656 3633 missam
683 3567 801 3632 laceret
834 3565 933 3655 (quod
959 3578 1121 3656 praeterea
1147 3564 1266 3631 Graece

90 3679 247 3753 decadum
263 3687 344 3754 foret
363 3687 584 3770 παρεκάλεσαν
603 3685 709 3777 ὅπως).
736 3685 832 3752 Aliud
855 3687 952 3775 igitur
973 3685 1071 3751 latere
1095 3686 1167 3751 satis
1191 3707 1265 3752 oon-

31 3791 33 3908 .
88 3817 150 3887 stau
177 3809 232 3876 sed
257 3810 351 3898 quia,
378 3808 462 3898 quod
486 3821 608 3876 certum
633 3809 691 3887 sit,
710 3807 791 3873 nihil
812 3807 957 3886 invenio,
983 3809 1268 3874 aoutiorumcurae

31 3957 33 4020 ἰ
87 3924 163 3994 hunc
195 3951 324 4019 quoque
356 3931 462 3996 locum
491 3929 714 3996 commendare
748 3928 852 4007 malo,
887 3951 984 4018 quam
1006 3929 1172 3994 inutilibus
1196 3951 1269 3995 eum

31 4021 33 4112 l
89 4057 200 4116 tentam
232 4051 432 4116 coniecturis.
482 4050 518 4117 ld
550 4074 623 4117 vero
655 4051 749 4117 simul
773 4049 991 4140 quaerendum
1015 4073 1080 4116 esse
1105 4052 1268 4128 existimo,

31 4183 32 4192 ’
88 4187 119 4232 an
145 4171 223 4236 satis
253 4183 337 4238 recte
369 4171 488 4238 Graece
520 4171 645 4239 dicatur
675 4173 778 4239 διιέναι
806 4173 877 4246 τοὺς
912 4172 1052 4250 ὀδόντας,
1089 4195 1152 4260 quo
1175 4191 1268 4236 sensu

31 4235 33 4320 Ι
85 4313 171 4380 supra
195 4289 275 4357 dixit
297 4297 408 4373 χαλᾶν
431 4293 465 4358 τὸ
489 4293 611 4373 δῆγμα.

125 4411 218 4478 Idem
252 4412 335 4478 Zeno
369 4413 403 4477 in
437 4415 698 4504 praecedentibus
732 4437 777 4480 rs.
811 4418 853 4479 35
884 4427 1032 4479 narratur
1060 4415 1270 4502 interrogatus

84 4553 100 4594 a
117 4531 267 4600 Nearcho
291 4547 446 4623 tyranno,
472 4559 626 4626 quosnam
649 4536 780 4602 haberet
793 4535 1017 4602 coniurationis
1028 4533 1147 4612 socios,
1167 4533 1271 4600 excla-

31 4679 33 4720 ι
88 4675 206 4722 masse:
253 4658 405 4742 Ὠφελον
440 4657 504 4742 γὰρ
538 4656 636 4741 ὥσπερ
671 4665 726 4734 τῆς
761 4657 906 4736 γλώττης
941 4653 1004 4734 εἰμὶ
1040 4653 1155 4736 κύριος,
1179 4651 1271 4726 οὕτως
