2932 5004
761 345 821 407 108

208 533 348 600 lemueo:
380 531 438 608 τάς
469 556 503 597 τε
536 529 689 604 ἑστιάσεις
718 539 899 601 πολυτελεῖς
928 532 1056 597 ἐποιεῖτο
1083 531 1150 594 real
1175 531 1217 596 τά
1240 533 1390 612 βκσόλειιι

207 653 361 734 περιάγων
397 653 587 718 ἐπεδείκνυτο
621 652 688 717 ool
723 652 791 725 την
824 647 948 724 άλλην
982 651 1036 739 τὴν
1070 651 1238 728 βοιοιλικην
1275 651 1391 734 μάζειν.

210 777 410 865 Quicumque
429 786 514 840 reete
542 773 679 862 cogitare
704 771 829 850 didicit,
862 793 989 836 mecum
1017 793 1143 838 necesse
1165 785 1212 838 cst
1236 773 1390 862 corrigat:

207 895 266 969 τάς
286 919 321 960 τε
338 894 491 968 ἑστιάσεις
504 894 626 958 -κιιὶ
649 891 783 981 (κοντοὶ)
805 893 848 958 τά
865 869 1016 971 βμοόλειοι
1034 891 1189 992 περιάγειν
1201 893 1394 958 ἐπεδείκνυτο

208 1016 276 1082 xci
307 1013 446 1080 σάλλει
477 1014 546 1080 recl
577 1017 632 1090 την
662 1015 829 1093 βοισιλικην
851 1013 966 1094 μάζιον.
1015 1012 1053 1078 ln
1077 1013 1191 1079 vicinia
1210 1013 1314 1080 obiter
1335 1037 1394 1104 pro

208 1139 315 1217 ὑγεόοιν
339 1137 460 1226 corrige
484 1135 614 1214 ὑγίειοιν.
651 1135 723 1202 Mox
749 1157 862 1224 operae
879 1135 1213 1223 pretiumestridere,
1236 1134 1395 1225 quomodo

206 1259 524 1346 interpretamentum
553 1277 618 1320 non
652 1275 709 1320 suo
740 1254 810 1320 loco
833 1255 865 1318 in
885 1261 1011 1320 'textum
1040 1255 1218 1344 irrepserit,
1244 1268 1276 1321 et
1299 1255 1395 1320 simul

204 1377 415 1455 vocabulum,
442 1374 526 1464 quod
549 1387 642 1440 antea
662 1397 737 1442 eum
760 1375 866 1440 locum
888 1374 1036 1454 tenebat,
1061 1375 1101 1440 ad
1120 1397 1245 1442 sensnm
1263 1378 1395 1441 omnino

205 1497 416 1564 necessarium
447 1496 612 1585 expulerit.
662 1494 720 1574 ld,
753 1495 837 1584 quod
872 1494 961 1575 dico,
990 1469 1111 1562 locum¹
1127 1495 1240 1562 habuit
1269 1497 1395 1586 inipso

204 1621 271 1684 fine
304 1619 397 1684 huius
431 1619 589 1707 excerpti,
625 1617 680 1682 ubi
716 1616 865 1705 legimus:
901 1617 954 1682 κού
989 1617 1107 1693 πάντες
1139 1627 1210 1692 ποιός
1242 1617 1394 1698 οιόρέσεοιν

204 1739 318 1812 οἰκείως
349 1740 537 1812 διατεθέντες
565 1737 792 1815 ἐξάπόστειλοιν
824 1739 1021 1819 πρεσβευτάς
1052 1741 1095 1812 εἷς
1118 1742 1173 1815 τὴν
1197 1739 1316 1818 Ῥύμην
1339 1740 1394 1804 real

206 1862 276 1934 τοὺς
298 1859 364 1941 περὶ
388 1861 545 1926 Σκιπόιονοο
566 1858 710 1940 πρέσβεις
730 1859 882 1940 ἐπῄνεσάν
901 1854 947 1922 ότι
966 1857 1117 1932 τοιούτους
1134 1855 1244 1939 άνδριος
1261 1857 1396 1938 ἐξέπεμ-

205 1987 283 2064 ψιιν.
331 1979 403 2046 Νοιι
434 1981 608 2056 miserunt,
640 1979 771 2068 opinor,
800 1977 919 2067 legatos
944 1979 999 2067 qui
1022 1977 1188 2044 laudarent
1213 1977 1397 2069 Scipionem

206 2115 238 2168 et
281 2101 417 2189 reliquos
457 2100 598 2188 legatos,
643 2097 727 2187 quod
769 2097 950 2186 Scipionem
989 2111 1021 2164 et
1060 2111 1179 2166 ceteros
1213 2101 1395 2177 misissent,

208 2221 262 2288 sed
305 2223 361 2310 qui
397 2219 563 2285 laudarent
596 2231 761 2296 senatum,
798 2219 882 2307 qnod
917 2219 996 2285 tales
1028 2221 1160 2286 misisset
1193 2221 1284 2287 viros.
1334 2223 1397 2288 Vir

208 2341 341 2409 dubium
377 2364 442 2406 esse
477 2340 610 2406 arbitror
639 2339 756 2405 rerba:
782 2340 852 2412 τοὺς
876 2339 942 2422 περὶ
967 2341 1125 2406 Σκιπίωνοι
1148 2341 1293 2423 πρέσβεις
1317 2344 1397 2410 olins

208 2460 436 2554 interpretandi
483 2462 582 2550 gratia
628 2459 668 2524 ad
702 2459 854 2525 vocabula
889 2461 1040 2535 τοιούτους
1075 2459 1186 2543 άνδροις
1217 2463 1396 2553 adscripta,

207 2607 279 2652 mox
314 2583 416 2650 alieno
447 2583 517 2648 loco
541 2583 575 2647 iu
597 2593 718 2647 textum
747 2604 779 2646 se
802 2581 974 2647 insinuasse
997 2582 1131 2670 expulsis
1154 2583 1191 2648 iis
1215 2607 1398 2673 quaecum

206 2707 312 2772 locum
336 2715 491 2770 tenerent.
543 2705 611 2788 Qua
636 2723 730 2768 causa
753 2714 857 2766 motus
880 2702 1036 2791 suspicor:
1064 2703 1115 2767 κού
1140 2704 1194 2778 την
1217 2705 1398 2783 σύγκλητον

208 2827 273 2913 (rel
302 2827 371 2898 τοὺς
401 2824 582 2910 Ῥοιμοιόους)
616 2825 783 2906 ἐπῄνεσάν,
815 2818 860 2888 ότι
884 2823 1037 2896 τοιούτους
1062 2822 1174 2905 άνδροις
1197 2822 1397 2907 ἐξέπεμψαν.

209 2945 376 3012 Emblema
400 2967 463 3008 non
488 2945 591 3009 minus
614 2956 707 3033 turpe
731 2944 920 3008 seutentiam
943 2965 1074 3010 onerare
1097 2943 1220 3010 ridetur
1243 2946 1276 3010 in
1299 2967 1398 3034 prae-

207 3063 411 3132 cedentibus:
443 3063 573 3130 κιιόόλου
605 3063 635 3129 δὲ
666 3063 718 3128 κιο)
750 3063 800 3128 τά
834 3071 1016 3130 πλεῖστοι
1046 3063 1142 3180 μέρη
1174 3073 1243 3140 τῆς
1271 3067 1397 3133 rixoa-

205 3188 329 3267 μένης
361 3189 376 3251 ε’
384 3188 531 3261 πῆλόον
562 3185 614 3252 κού
644 3187 730 3266 ποορόι
759 3187 837 3250 πάσι
867 3185 1006 3267 σόΦρονιι
1038 3186 1090 3250 real
1122 3188 1304 3263 όοουμοιστην
1327 3211 1397 3254 ποι-

206 3306 353 3388 ησάμενοι
375 3306 431 3382 rim
453 3304 619 3382 ἕπιδημόιον
642 3303 790 3383 μεγάλης
813 3305 971 3386 άποδοχῆς
992 3303 1102 3386 ἔτυχον
1121 3305 1173 3370 κού
1198 3305 1260 3392 [τά
1283 3317 1398 3373 πλεῖ-

206 3453 285 3495 στοι
317 3429 410 3508 μέρη
442 3428 510 3502 της
534 3425 769 3505 οἰκουμένης
792 3425 1109 3514 ἐπεληλυθότες]
1136 3429 1208 3505 μετ’
1230 3429 1397 3510 εύφημόοος

209 3551 266 3617 ὑπό
290 3548 414 3614 πάντων
438 3546 696 3628 συμφωνουμένης
721 3548 900 3624 ἕπκνηλόον.

255 3671 374 3737 Graeca
405 3669 524 3735 locutio
555 3667 725 3749 προδιδόναι
759 3666 848 3732 πόλιν
871 3691 997 3757 prorsus
1020 3667 1105 3733 idem
1129 3668 1284 3758 significat
1308 3671 1399 3758 quod

209 3793 340 3859 Latina:
366 3791 521 3881 prodere
548 3790 686 3867 κνόοοκς
712 3801 821 3854 contra
845 3789 972 3854 dedere
996 3789 1110 3854 arbem
1136 3787 1254 3855 Graece
1277 3789 1401 3858 dicitur

208 3911 406 3993 ποριοδιδόνοοι
442 3909 541 3976 πόλιν.
599 3913 686 3996 Quae
711 3933 759 3976 res
784 3911 809 3975 si
832 3932 905 3976 vera
928 3923 994 3990 est,
1019 3923 1055 3975 ut
1076 3933 1181 3976 reram
1204 3933 1270 3976 esse
1292 3924 1397 4000 puto,

207 4033 381 4101 necessario
421 4031 495 4097 iude
537 4032 679 4120 sequitur
718 4044 903 4122 corruptum
946 4055 1011 4097 esse
1057 4031 1186 4097 terbum
1223 4029 1399 4112 προδιδόναι
1448 4097 1449 4110 ,

206 4155 316 4233 iniis,
342 4154 479 4242 quaein
502 4153 542 4218 lr.
568 4153 661 4218 XXII
674 4151 777 4241 (XIX)
804 4153 975 4243 accipimus
998 4151 1038 4217 de
1062 4151 1279 4218 Numantinis:
1305 4157 1402 4231 μετά

205 4281 232 4346 δ’
263 4276 379 4358 ἡμέρας
407 4277 518 4354 όλόγιις
542 4273 805 4353 ιιιιτιιπλοογὲντες
830 4271 883 4340 uel
906 4275 960 4348 την
985 4273 1072 4338 πόλιν
1097 4272 1305 4354 προδιδόντες
1329 4283 1400 4351 τοῖς

208 4402 345 4478 πόμοισιν
375 4398 463 4480 ᾔτουν
490 4393 682 4478 άσφάλειοιν.
730 4395 832 4460 lmmo
857 4417 928 4460 rere
955 4393 1222 4475 ποοροιδιδόντεςό
1272 4394 1400 4463 Eadem

209 4541 302 4607 opera
333 4517 469 4606 corrigas
500 4513 611 4601 Polyb.
646 4515 782 4580 xxxvl
809 4541 816 4579 :
847 4519 860 4579 1
889 4519 906 4600 §
935 4518 973 4580 1:
1000 4521 1057 4580 τῶν
1081 4515 1237 4581 Ἰτυκοιόων
1261 4551 1306 4566 -
1330 4526 1402 4591 τοῖς

210 4638 368 4718 ‘nepetae
390 4639 444 4712 την
462 4637 577 4702 ἑοιντῶν
596 4633 811 4715 προδιδόντων
824 4636 930 4716 πόλιν,
950 4636 1094 4725 legendo:
1118 4636 1402 4719 πυριοδιδόντυν,
