2932 5004
235 323 249 357 t
777 339 838 403 rra

200 535 273 590 cent
289 523 351 590 loci
370 525 472 613 qualis
489 537 534 592 est
551 549 581 592 r.
596 547 626 591 c.
640 523 696 590 lib.
713 523 745 590 II
760 547 768 588 :
785 528 826 590 37
840 547 920 592 vers.
942 525 1014 603 fin„
1037 522 1094 589 ubi
1111 523 1205 590 simul
1225 523 1385 613 corrigas:

197 653 254 720 τῆς
284 644 409 721 Ἰνδικῆς
439 651 522 729 φασι
550 645 610 720 τὰς
634 645 896 727 παρακειμένας
918 645 1023 726 χώρας
1047 644 1102 719 την
1124 669 1160 710 τε
1185 645 1306 710 Σκυθῶν
1329 643 1385 709 καὶ

200 773 410 848 Βακτριανῶν,
435 766 480 834 ἔτι
501 769 533 833 δὲ
552 766 604 833 καὶ
624 769 692 843 την
709 769 870 848 Ἀριανῶν,
891 765 1083 849 ὑψηλοτέρας
1097 760 1192 844 εἶναι,
1216 765 1285 852 [τῆς
1304 765 1390 832 Ἰνδι·

200 888 272 972 κῆς]
294 885 366 952 ὥστ’
388 888 525 967 εύλόγως
544 889 587 961 εἰς
604 889 660 964 τὴν
679 887 900 966 ὑποκειμένην
910 887 1015 969 χάραν
1034 886 1233 968 πανταχόθεν
1253 883 1390 967 συρρεού-

199 1029 258 1080 σας
280 1007 339 1082 τάς
362 1009 500 1088 λιβάδας
526 1009 590 1074 νιτὲ.
639 1006 756 1097 Scripsi
779 1005 1039 1089 παρακειμένης
1064 1029 1120 1097 pro
1144 1005 1388 1088 περικειμένας

198 1128 331 1195 docente
350 1153 385 1196 re
409 1129 645 1219 Geographica‚
670 1131 724 1204 την
747 1135 882 1218 procris
903 1129 1085 1218 requirente
1106 1127 1333 1218 grammatica,
1355 1139 1390 1192 et

199 1251 335 1340 expunxi
356 1259 411 1326 τοῖς
435 1250 560 1326 Ἰνδικῆς
585 1248 714 1315 iubente
738 1271 813 1314 sana
837 1249 969 1315 ratione.

245 1369 298 1435 Fr.
333 1369 422 1436 XLI:
456 1372 496 1442 ῶς
529 1369 670 1444 ἐπίτηδες
702 1383 765 1443 τοῖς
791 1368 848 1448 μὲν
871 1378 977 1444 καλοῖς
1001 1373 1116 1454 φαῦλα
1140 1377 1202 1442 τοῖς
1227 1369 1258 1434 δὲ
1281 1375 1391 1441 κακοῖς

198 1489 360 1569 ἐπεισάγει
391 1491 434 1556 τά
463 1489 584 1569 άγοιόά.
632 1489 736 1555 Immo
768 1513 860 1556 raro:
895 1498 957 1564 τοῖς
990 1491 1047 1570 etv
1069 1497 1176 1562 καλοῖς
1197 1491 1248 1556 τά
1270 1493 1388 1573 Φαῶλα

98 1697 101 1704 .
198 1649 244 1662 -
266 1611 420 1690 τάγαύά.
451 1609 669 1701 Dittographia
687 1609 824 1700 perdidit
840 1610 1080 1700 praecedentia:
1104 1612 1137 1676 ού
1158 1610 1220 1690 μην
1237 1607 1391 1687 ἐξουσίαν

197 1733 360 1812 άνέλαβε
382 1741 438 1808 τῆς
462 1733 639 1813 στρατείας·
686 1733 790 1822 Lege:
818 1728 967 1807 ἐξουσίαν
990 1736 1024 1811 γ’
1048 1731 1147 1810 ἔλαβε
1170 1733 1235 1797 κτὲ.

244 1853 298 1918 Fr.
332 1853 437 1919 XLII:
472 1853 578 1932 ἤγαγε
601 1855 672 1927 τοὺς
695 1852 841 1934 πρέσβεις
865 1852 915 1918 ἐπὶ
938 1852 989 1918 τόν
1013 1851 1106 1917 τόπου
1128 1848 1219 1933 οὗπερ
1243 1853 1389 1927 Πιτόόδης

199 1975 353 2056 τυφλός
393 1973 520 2048 ε’κάόητο
548 1973 598 2040 ἐπὶ
630 1981 685 2050 τῆς
716 1981 776 2052 γῆς
808 1971 1189 2056 ἐκτετυφλωμόνος.
1237 1973 1390 2062 Turpiter

199 2092 361 2158 abundare
392 2105 447 2158 aut
472 2093 593 2175 τυφλὸς
622 2105 676 2157 aut
699 2077 972 2176 ε’κτετυφλωμόνύς
997 2094 1069 2159 satis
1092 2106 1139 2160 est
1162 2095 1388 2173 menifestum,

201 2226 310 2279 utrum
340 2225 447 2278 tamen
478 2213 606 2278 alterius
637 2213 676 2277 sit
698 2213 1014 2303 interpretamentum
1036 2212 1195 2279 difficilius
1216 2211 1304 2280 dictu
1326 2227 1388 2282 est.

200 2333 476 2423 Interpretamenti
503 2334 638 2423 speciem
669 2334 768 2422 magis
802 2356 899 2422 qnam
929 2335 1048 2418 τυφλὸς
1072 2334 1167 2401 habet
1190 2335 1390 2419 ἐκτετυφλω-

199 2455 298 2535 μέιος.
345 2453 466 2520 Labem
496 2456 683 2520 contraxisse
713 2453 861 2520 ridentur
891 2477 973 2545 quae
1004 2455 1216 2545 praecedunt:
1250 2458 1390 2524 καὶτῶν

201 2573 375 2641 Σελευκέων
390 2573 641 2640 ἀποστειλάντων
657 2574 803 2656 πρέσβεις
821 2575 873 2640 καὶ
890 2574 1153 2656 παρακαλούντων
1171 2579 1388 2657 συγγνώμης

198 2704 322 2776 τυχεῖν
360 2693 410 2760 ἐπὶ
441 2703 504 2768 τοῖς
534 2694 688 2774 γεγονόσι.
744 2695 862 2760 Verum
893 2693 1018 2762 ridetur
1047 2697 1259 2778 συγγνώμην
1289 2695 1390 2780 ἔχειν

199 2816 250 2882 ἐπὶ
273 2825 337 2888 τοῖς
359 2813 520 2893 γεγονόσι,
542 2816 564 2881 i.
591 2839 621 2882 e.
647 2817 903 2894 συγγιγνώσκειν.

245 2936 297 3002 Fr.
313 2934 432 3000 XLVI:
459 2935 527 3002 ἰδῶν
545 2936 576 3001 δὲ
595 2936 833 3018 χρηματίζοντα
852 2933 1055 3018 τδνύπατον,
1075 2938 1128 3002 καὶ
1150 2937 1289 3013 δηλῶσας
1301 2935 1390 3013 ὅστις

198 3055 233 3135 ἦν
264 3055 316 3122 καὶ
349 3053 394 3121 ὅτι
427 3057 560 3130 πολλοὺς
591 3056 657 3122 καὶ
685 3055 838 3128 πολλάκις
867 3056 925 3122 tet
955 3058 1015 3121 τῶν
1046 3063 1176 3124 πολιτῶν
1200 3060 1389 3136 ύποστάς

198 3177 348 3250 κινδύνους
375 3173 474 3257 ῶσπερ
499 3177 572 3257 ὑπὲρ
597 3179 752 3256 Ῥωμαίων
776 3175 1030 3255 πολιτευόμενος,
1053 3179 1086 3242 ού
1109 3176 1199 3256 μόνον
1223 3179 1315 3250 αύτός
1335 3215 1389 3232 -

200 3298 348 3378 άπέλαβε
380 3298 434 3370 την
465 3303 588 3372 κτῆσιν,
612 3297 701 3362 άλλόι
724 3299 775 3362 καὶ
800 3333 845 3345 -
868 3294 1007 3373 ἐξουσίαν
1030 3295 1129 3377 ἔλαβε
1153 3301 1218 3365 ard.
1265 3299 1391 3368 Protesi

201 3419 281 3506 (tras
302 3453 348 3466 -
370 3414 617 3504 πολιτευόμενος)
651 3415 737 3482 deest
765 3416 897 3482 verbum
928 3417 1075 3498 finitum,
1107 3439 1205 3507 quare
1226 3441 1284 3509 pro
1308 3421 1390 3487 ύπο-

198 3541 278 3612 στάς
298 3550 353 3604 ant
373 3535 590 3628 reponendum
606 3549 653 3602 est
676 3537 933 3618 ὑφειστήνιει,
957 3549 1031 3618 aut,
1057 3539 1142 3628 quod
1162 3541 1291 3608 fortasse
1307 3563 1391 3630 pro-

198 3660 334 3728 babilius
364 3671 430 3737 est,
462 3669 532 3747 post
563 3657 795 3736 πολιτευόμενος
828 3657 948 3747 aliquot
976 3659 1129 3726 vocabula
1151 3661 1300 3728 excidisse
1321 3685 1390 3752 pu-

198 3781 295 3848 tanda
322 3791 405 3846 sunt.
455 3779 619 3845 Praeterea
650 3792 736 3844 cena
766 3781 949 3845 coniectura
980 3782 1219 3870 corrigendum:
1251 3786 1389 3858 πολλοὺς

198 3899 351 3972 πολλάκις
375 3935 420 3949 --
443 3900 614 3978 κινδύνους,
639 3911 795 3989 expuncta
819 3899 931 3965 rocula
954 3901 1025 3978 κου’,
1050 3923 1145 3990 quam
1168 3901 1253 3967 mala
1271 3925 1390 3971 manns

200 4021 320 4089 sacrm
343 4031 415 4086 aare
438 4001 603 4094 soriani.

245 4147 298 4214 Fr.
336 4143 490 4210 vasst:
526 4142 601 4207 Ὀτι
637 4143 651 4206 o‘
685 4141 826 4224 Γράκχος
862 4143 1079 4224 δημηγορησας
1114 4150 1168 4210 τοῦ
1203 4149 1391 4215 καταλῦσαι

197 4266 443 4352 άριστοκραπίαν.
490 4265 563 4329 Post
592 4264 810 4344 δημηγορήσας
834 4263 983 4330 excidisse
1006 4265 1271 4354 praepositionem
1294 4269 1389 4350 περὶ

198 4390 357 4454 neminem
399 4385 496 4450 latera
540 4384 686 4448 arbitror.
735 4383 807 4450 Mox
842 4385 974 4482 legitur:
1013 4385 1113 4452 οὐκέτι
1148 4391 1390 4466 συναγωνιστάς

199 4509 287 4572 aare
321 4505 457 4586 καόάπερ
493 4503 641 4576 αύόέντας
681 4501 751 4587 εἶχε
791 4504 913 4579 τούτους
954 4508 1028 4588 ὑπὲρ
1058 4516 1114 4583 τῆς
1140 4508 1221 4581 tatae
1249 4509 1388 4589 τόλμης.

200 4624 308 4692 Malim
340 4626 524 4710 καόαπερεό.
573 4623 622 4691 Ib.
657 4647 700 4690 rs.
738 4630 775 4691 17
808 4649 826 4691 c
857 4625 927 4695 cod.
965 4628 1034 4694 Vat.
1069 4629 1219 4698 rescribas
1242 4641 1391 4711 ταμιεῖον
