2968 5014
841 405 881 464 88

339 571 393 635 Sic
426 593 464 636 ex
498 572 714 638 emendatione
750 575 854 641 Grotii
887 597 943 664 pro
965 581 1099 666 θνητοῖς
1133 579 1221 647 dedit
1252 581 1412 670 Wagnerns

297 683 359 768 (an.
394 685 430 750 lr.
464 685 610 774 CCVII).
642 687 787 755 Fortasse
813 697 905 758 recte.
932 693 1050 760 Nescio
1091 700 1193 762 tamen
1239 719 1277 762 sn
1320 699 1412 785 potins

294 800 455 886 θνητοῖς
476 801 555 866 vitio
577 807 684 868 natam
709 825 775 870 ease
797 828 835 871 en
858 802 877 872 ε’
881 828 899 869 ν
923 809 1040 884 θεοῖς
1061 811 1264 878 indicandum
1287 811 1337 878 sit.

337 1144 431 1212 Olcm.
463 1147 552 1212 Alex.
575 1149 687 1216 soon.
718 1153 793 1232 111,
819 1176 849 1240 p.
872 1159 937 1220 520
961 1155 1076 1221 -acl
1100 1150 1155 1222 δ’δ’
1175 1153 1315 1240 ὁμοίως·

394 1253 550 1348 ..ἔμοιγε
570 1264 624 1328 νῦν
644 1286 681 1329 τε
701 1264 756 1332 καλ
777 1257 880 1334 πάλαι
903 1267 1013 1335 δοκεῖ·

395 1373 517 1447 παῖδας
538 1367 693 1463 φυτεύειν
714 1369 828 1444 οὔποτ’
849 1370 1051 1468 δνδρώποος
1072 1377 1177 1468 ἐχρῆν,

395 1475 516 1560 πόνους
538 1476 684 1575 δρῶντας
705 1487 754 1564 εἰς
773 1485 873 1567 ὅσους
893 1482 1085 1582 cantone.

338 1595 393 1661 Vs.
412 1599 429 1662 1
453 1597 525 1666 libri
548 1601 708 1668 exhibent:
731 1598 806 1686 ἐμοὶ
825 1601 981 1689 γένοιτο
1003 1601 1058 1668 καλ
1081 1593 1184 1669 πάλαι
1203 1604 1324 1686 δοκεῖν,
1346 1629 1416 1692 qnae

293 1711 409 1798 optime
431 1716 553 1780 sanavit
575 1717 715 1783 Grotius.
739 1717 883 1782 Fortasse
905 1715 1126 1804 supplendum:

619 1823 750 1904 οὕτως
771 1824 881 1916 ἔμοιγε
905 1869 944 1882 -
967 1832 1066 1896 δοκεῖ.

336 1937 415 2004 Post
433 1931 557 2020 ὁμοίως
583 1951 665 2008 certe
691 1943 783 2008 facile
809 1936 914 2018 οὕτως
943 1943 1065 2009 exidere
1099 1945 1253 2031 potuisse,
1281 1945 1417 2010 manifes-

292 2059 357 2118 tum
397 2063 452 2120 est.

334 2401 544 2490 Scholsoph.
567 2405 615 2471 El.
640 2409 724 2471 1437
751 2395 799 2470 δι’
819 2396 926 2479 ωέδς
947 2398 993 2470 δν
1014 2397 1146 2494 παῦρά
1166 2427 1227 2492 γε·
1248 2399 1293 2493 μη
1315 2403 1419 2472 ἀνατε-

289 2513 435 2600 ταμένος
454 2516 685 2606 φθέγγεσθαι,
710 2509 780 2584 ἀλλ’
801 2513 972 2606 ἐλαφρῶς·

487 2623 527 2695 ἐν
548 2633 600 2716 τῷ
621 2631 753 2697 λαλεῖν
774 2629 827 2697 δεῖ
843 2626 926 2718 μηδὲ
946 2619 1093 2716 μηκύνειν
1113 2619 1217 2714 loyca.

291 2741 457 2808 Nauclrins
480 2737 513 2806 ἓν
533 2765 585 2808 τοι
606 2742 714 2808 λαλεῖν
736 2744 792 2822 ci,
815 2764 878 2808 non
901 2747 1047 2829 reputans
1063 2738 1170 2804 λαλεῖν
1185 2741 1265 2829 apnd
1279 2745 1420 2828 antiquos

287 2858 448 2940 9crrieada'
470 2857 581 2922 habere
600 2857 829 2944 significatum,
850 2858 956 2942 itaque
978 2856 1144 2922 absurdum
1164 2877 1229 2922 esse
1251 2850 1285 2920 ἓν
1306 2855 1422 2921 λαλεῖν.

288 2971 465 3038 Scholiasta
495 2971 603 3060 procul
631 2973 725 3038 dubio
746 2972 830 3038 hnnc
866 2949 986 3038 versum
1012 2973 1101 3036 affert
1132 2971 1171 3036 ad
1205 2968 1422 3036 illustrandam

284 3086 474 3154 locutionem
499 3087 701 3176 Sophoclcam
728 3078 771 3153 δι’
797 3075 897 3172 ωέὁςς
930 3109 1023 3174 quare
1045 3085 1186 3173 suspicor
1212 3083 1422 3172 reponendum

287 3224 371 3266 esse:

557 3313 594 3390 ἐς
615 3303 715 3391 τοῖς
736 3314 877 3400 λέγειν
897 3315 1009 3381 δεῖ-
1028 3305 1131 3401 λόγον.

331 3427 368 3492 In
393 3426 501 3492 λαλεῖν
522 3435 624 3494 tamen
649 3429 779 3494 fortasse
808 3427 893 3494 aliud
923 3428 999 3514 quid
1034 3427 1126 3507 latet,
1156 3423 1190 3501 ἐς
1209 3413 1288 3502 eosic
1317 3445 1421 3491 verum

285 3563 350 3607 esse
382 3565 445 3607 non
472 3541 590 3609 dubito.
625 3545 718 3631 Apud
753 3543 936 3630 Sophoclem
971 3543 1106 3609 Philoot.
1138 3542 1203 3608 110
1229 3539 1420 3628 scripserim:

284 3653 358 3730 παῖς
390 3643 447 3722 οὖν
478 3653 610 3738 βλέπων
641 3679 691 3732 τις
719 3659 821 3723 ταῦτα
847 3649 1002 3747 τολμήσει
1029 3657 1177 3739 λακεῖν,·
1198 3653 1251 3720 uhi
1275 3656 1421 3744 volgatur

288 3765 405 3834 λαλεῖν.

769 3975 921 3985 -ὴῆ

331 4097 413 4164 Plnt.
438 4098 549 4164 Moral.
573 4121 601 4185 p.
628 4100 783 4165 110813:

438 4205 523 4300 ὑπὲρ
546 4233 583 4296 ys
603 4205 714 4294 μέντοι
735 4207 884 4287 παντός
904 4199 1086 4300 Ἑλλήνων
1106 4209 1224 4296 ςρατοῦ
1290 4205 1294 4214 ’

438 4316 572 4410 αἰσχρὸν
594 4325 731 4400 σιωπᾶν,
756 4319 945 4410 βαρβάρους
967 4315 997 4388 δ’
1019 4319 1072 4388 ἐᾶν
1092 4319 1202 4406 λέγειν.
