2990 5012
662 561 702 626 27

257 747 389 835 ἔκρουσε
413 745 571 814 πῶλυπόν
595 745 658 813 τιν’
683 747 702 810 o‘
725 744 753 810 δ’
779 748 927 830 ἐπρήσθη
951 745 1006 807 καί

721 886 780 925 του
805 859 918 946 λαβὼν
943 856 1004 921 ὅλα

256 979 298 1040 τά
322 974 435 1060 ῥήματ’
459 972 545 1038 ἄλλά
569 973 737 1060 συλλαβήν
762 972 893 1056 οίφελὼν
918 976 1024 1057 τάρων

257 1088 365 1174 βολῶν
391 1087 511 1166 γίνοιτ’
536 1091 592 1154 ἂν·
618 1096 639 1171 ή
663 1087 697 1152 δὲ
723 1087 857 1174 κέστρα·
882 1087 948 1152 κτὼ
972 1085 1092 1174 βολῶν·

257 1203 381 1268 τοιαῦτ’
406 1203 543 1267 α’κοῦσαι
569 1201 619 1267 δεῖ
640 1207 698 1268 τὸν
723 1202 919 1287 ὀψωνοῦντά
944 1227 988 1265 τι.

171 1319 254 1386 Satis
277 1318 382 1384 mirari
405 1337 528 1401 nequeo
550 1317 709 1383 neminem
732 1319 814 1384 inter
836 1317 920 1384 viros
943 1316 1069 1399 doctos,
1092 1313 1146 1399 qui
1162 1312 1246 1380 huno

125 1433 231 1499 loeum
253 1431 460 1498 salsissimum
479 1429 635 1513 corrigere
654 1430 758 1496 eonati
777 1436 867 1514 sunt,
887 1429 1083 1496 intellexisse
1095 1427 1245 1494 voeabula

126 1539 199 1628 κᾷτ’
225 1545 261 1610 οὐ
288 1544 376 1634 (nam
398 1544 636 1628 relegendum
658 1565 715 1631 pro
739 1545 795 1608 καί
819 1543 893 1634 τοο)
920 1542 1032 1630 λαβὼν
1052 1540 1113 1605 ὅλα
1134 1543 1175 1604 τά
1189 1543 1246 1624 ῥή-

124 1659 200 1743 ματ’
232 1657 317 1724 ἀλλὰ
350 1657 519 1744 συλλαβὴν
552 1656 682 1741 ἀφελών
715 1679 780 1725 non
809 1657 978 1744 Amphidis
1007 1677 1077 1724 esse
1107 1655 1163 1722 sed
1193 1661 1249 1721 aut

126 1774 285 1842 Athenaei
306 1780 361 1841 aut
383 1773 553 1857 magistelli
572 1771 759 1860 explicantis
777 1773 962 1857 lectoribus,
984 1770 1060 1856 quid
1079 1769 1249 1837 sibivelint

127 1889 290 1956 decusata
319 1879 380 1954 isia
401 1887 554 1955 voeabula
577 1893 684 1970 τάρων
709 1885 817 1973 βολῶν
842 1892 874 1955 et
897 1885 962 1950 κτὼ
987 1883 1109 1970 βολῶν.
1133 1883 1248 1949 Deleto

126 2007 233 2071 antem
262 2002 557 2087 interpretamento,
588 2021 651 2084 quo
682 2001 784 2066 omnis
813 1999 906 2086 periit
935 1997 997 2065 loei
1026 1998 1109 2064 nitor
1131 2001 1163 2064 et
1185 1997 1247 2062 ele·

108 2117 250 2204 gartia,
274 2119 410 2180 metrum
433 2113 561 2198 quidem
584 2113 677 2180 faoile
699 2114 847 2181 restituas
871 2111 1055 2180 scribendo:

118 2217 121 2224 ¹
262 2227 392 2312 ἔκρουσε
417 2225 607 2293 πουλύπουν
632 2227 707 2312 τιν’,
732 2230 749 2290 ό
773 2225 801 2291 δ’
827 2229 985 2312 ἐπρήσθη·
1009 2231 1115 2310 τάρων

260 2339 369 2428 βολῶν
393 2339 514 2420 γένοιτ’
539 2344 584 2405 ἄν
611 2365 619 2380 ·
644 2347 665 2423 ἠ
689 2339 723 2405 δὲ
749 2339 882 2426 κέστρας
908 2340 973 2404 κτὼ
998 2337 1118 2426 βολῶν·

127 2456 186 2526 sed
215 2457 388 2543 oompiuria
416 2455 461 2522 ita
490 2457 663 2522 manebunt
692 2455 854 2542 impedita.
884 2455 967 2523 Nom
993 2454 1094 2541 primo
1116 2472 1164 2520 rs.
1187 2451 1209 2518 5
1230 2455 1252 2533 ἤ

128 2569 206 2656 qnid
225 2569 285 2638 sibi
304 2569 380 2638 velit
391 2589 455 2636 non
467 2569 674 2653 intellegitur,
693 2567 832 2636 seeundo
844 2589 890 2636 vs.
905 2571 923 2635 7
937 2571 1067 2652 πρῶτον
1079 2566 1251 2634 nonhabet

127 2683 214 2770 quod
233 2683 293 2750 sibi
311 2682 501 2770 respondeat
520 2681 647 2762 ἔπειτα,
669 2683 798 2750 tandem
818 2703 873 2749 eur
892 2703 939 2748 vs.
961 2683 1003 2748 10
1022 2679 1086 2745 ὁδί
1099 2679 1247 2763 addatur,

127 2819 194 2865 non
223 2803 344 2864 mutato
374 2797 549 2864 sententiae
572 2797 729 2879 subiecto,
753 2797 838 2863 houd
860 2795 1056 2883 perspicitur.
1080 2793 1250 2880 Simplicis-

127 2905 1251 2995 simaratiorideturstatuere,exoidisseqnaedamstatimpostnooio-

128 3049 214 3090 πουι
235 3023 297 3089 τιν’
318 3025 422 3111 potius
439 3045 534 3109 quam
550 3029 622 3110 post
634 3023 795 3108 ἐπρήσθη,
810 3021 895 3108 quod
906 3023 1009 3089 visum
1021 3027 1069 3090 est
1080 3021 1251 3088 Meinekio.

173 3253 251 3337 Peg.
275 3253 350 3318 345.
373 3250 585 3318 Anaxilae
609 3251 877 3315 ΛΤΡΟΠΟΙΟΤ
898 3249 937 3316 fr.
961 3251 995 3316 I:

348 3363 503 3438 Ξανθοῖς
528 3389 561 3428 τε
585 3369 698 3449 μύροις
724 3367 832 3450 χρῶτα
856 3361 1039 3448 λιπαίνων,

352 3476 511 3564 χλανίδας
535 3477 570 3540 θ’
595 3475 714 3558 ίλκων,
739 3475 886 3563 βλαύτας
911 3479 1027 3562 σύρων,

351 3589 492 3678 βολβούς
516 3593 663 3678 τρώγων,
688 3593 804 3676 τυρούς
829 3597 976 3670 κάπτων,

352 3707 407 3791 ᾠά
432 3703 675 3786 κολάπτων,
702 3711 843 3790 κήρυκας
867 3703 963 3791 ἔχων,

353 3825 441 3886 Χίον
467 3821 587 3900 πίνων,
613 3821 669 3884 καί
693 3823 772 3904 πρὸς
796 3821 923 3893 τούτοις

271 3940 284 3953 ”
352 3937 386 4000 ἐν
411 3936 599 4020 σκυταρίοις
625 3937 777 4019 ῥαπτοῖσι
801 3935 911 4020 φορῶν

352 4053 511 4132 Ἐφεσήια
535 4055 709 4134 γράμματα
734 4046 829 4112 καλά.

174 4165 291 4233 Deleta
311 4183 376 4231 una
397 4163 538 4249 literne,
563 4183 610 4230 vs.
633 4164 655 4229 4
676 4161 908 4250 reponendum:

354 4279 406 4365 piei
430 4276 657 4358 ’κλάπτων,
684 4283 824 4364 κήρυκας
848 4275 945 4363 ἔχων,
971 4279 1036 4341 κτὲ.
