2932 5004
765 353 826 416 150

213 542 306 616 Τι’τσς
337 529 556 612 Μιυοθτιος
588 539 701 612 ίππεὺς
732 539 789 616 μὲν
813 537 970 617 Ῥωμαίων
997 537 1257 617 μεγαλοπλσθτου
1282 537 1313 601 δέ
1338 560 1402 602 πα·

212 663 279 742 πρὸς
311 669 387 736 ταῖς
418 661 502 737 xri„
530 659 721 726 Particulam
743 657 792 733 δέ,
818 681 912 748 quam
937 658 960 724 l.
986 681 1019 724 n.
1046 670 1116 748 post
1139 659 1254 730 ἱππεὺς
1276 657 1403 737 deleri,

211 795 281 847 tum
323 782 451 849 demum
488 805 506 846 a
540 793 717 850 correctore
750 761 907 844 invectam
942 801 1010 843 esse
1046 777 1195 856 arbitror,
1231 791 1405 866 postquam

211 903 372 975 Mandros
403 905 467 968 iam
490 902 523 968 in
547 903 605 982 μὲν
635 901 781 974 Οὐέττιος
806 899 947 978 abiisset,
970 911 1005 964 ut
1030 899 1087 977 μέν
1111 897 1230 965 seilicet
1252 881 1403 974 baberet,
1457 985 1458 994 ἵ

211 1045 292 1112 quae
315 1024 345 1088 ei
368 1021 556 1112 respondere
579 1021 690 1088 rocula
714 1033 745 1086 et
769 1003 867 1085 soleat
890 1031 921 1086 et
945 1018 1070 1085 debeat.

255 1143 387 1210 Soloeoa
418 1141 532 1208 deinde
563 1155 636 1207 sunt
660 1165 741 1231 quae
764 1141 898 1230 legimus
917 1163 962 1204 vs.
989 1143 1051 1205 26:
1079 1139 1248 1212 πιστευθείς
1272 1139 1303 1203 δὲ
1326 1143 1403 1204 τοῦ

208 1265 424 1347 χρήματος
457 1263 509 1329 διὰ
537 1263 591 1338 την
623 1266 676 1328 τοῦ
707 1263 824 1342 πατρὸς
852 1260 995 1341 εὐπορίαν
1025 1261 1194 1338 desinare
1215 1232 1279 1332 'risa
1309 1261 1404 1340 θερα-

209 1385 351 1458 παινίδα;
386 1385 419 1449 iu
455 1383 570 1472 quibus
605 1383 665 1450 hoc
700 1381 789 1448 rideo
826 1379 1047 1470 corrigendum
1082 1403 1148 1446 esse
1179 1377 1400 1458 οίπηγοίγετο.

210 1504 375 1571 Praeterea
398 1502 551 1571 vocabula
574 1509 627 1570 τοῦ
650 1506 832 1586 χρήματος,
858 1525 939 1592 quae
962 1524 1026 1568 non
1047 1500 1201 1575 habeant,
1229 1523 1292 1588 quo
1312 1499 1402 1565 reie-

209 1638 338 1704 rantur,
363 1624 476 1691 lubens
498 1625 717 1714 expunxerim.

253 1746 348 1812 Pron.
374 1745 538 1836 personale
560 1745 709 1812 excidisse
734 1743 853 1810 ridebis
875 1743 915 1808 fr.
942 1741 1083 1808 XXXIII
1102 1763 1146 1807 rs.
1170 1745 1209 1806 17
1230 1764 1248 1806 e
1268 1739 1395 1806 verbis:

208 1869 222 1930 o'
254 1866 280 1931 δ’
310 1869 363 1933 οὐκ
393 1863 507 1950 ἔφησεν
538 1864 644 1938 ἄλλοις
673 1865 866 1942 πιστεύσειν,
891 1863 945 1928 iola
969 1865 1013 1942 μίν
1036 1861 1123 1942 παρὰ
1146 1865 1215 1926 τοῦ
1238 1860 1398 1940 βασιλέως

207 1986 295 2070 λοίβη
327 1985 397 2060 τοὺς
432 1982 545 2067 ίρκους.
592 1985 715 2050 Immo:
757 1988 831 2066 παρ’
862 1986 987 2050 αὐτοῦ
1022 1987 1089 2048 τοῦ
1121 1981 1290 2062 βασιλέυςς
1320 2004 1399 2048 nam

207 2104 406 2172 Mithridates
437 2105 625 2172 οίπελελιίκει
658 2106 729 2179 τοὺς
754 2106 827 2186 ὑπὲρ
848 2106 942 2170 αὑτοῦ
966 2102 1210 2182 συνθησομένους.
1258 2102 1296 2168 Iu
1319 2103 1400 2168 rici-

207 2227 260 2292 nia
292 2249 336 2292 rs.
370 2228 409 2290 21
435 2225 631 2291 desideratur
654 2238 736 2314 part.
762 2223 818 2302 ola,
842 2247 938 2314 quam
962 2247 1086 2292 revoces
1110 2222 1295 2290 scribendo:
1322 2221 1398 2288 κθιυ

210 2345 279 2435 (pro
311 2344 391 2432 ascl)
423 2346 536 2425 συνέβη
565 2346 617 2411 τὸν
645 2345 784 2425 βασιλέα
814 2345 956 2424 γενέσθαι
989 2346 1180 2426 broxetum:
1209 2345 1235 2408 εί
1259 2344 1305 2422 μίν
1329 2345 1396 2409 cri.

207 2466 300 2531 Peius
335 2465 480 2532 laborant
514 2465 753 2555 praecedentia:
791 2473 830 2530 ‘O
866 2468 897 2533 δὲ
934 2465 1157 2555 (Mithridates)
1193 2465 1253 2545 οὐχ
1288 2467 1396 2541 ἡγεῖτο

206 2587 374 2665 βασιλικῆς
403 2584 495 2664 ἀξίας
527 2587 631 2652 οἰκεῖον
660 2582 737 2652 εἶναι
769 2586 1039 2665 συγκαταβαίνειν
1067 2586 1111 2658 είς
1142 2586 1185 2650 τίς
1207 2585 1396 2666 ὀρύγματα,

207 2707 273 2773 ε’πεί
295 2707 321 2786 θ’
346 2710 360 2772 ὁ
384 2707 529 2788 προδότης
554 2710 607 2773 οὐκ
631 2707 745 2790 ἔφησεν
765 2705 870 2780 ἄλλως
892 2704 1138 2782 ὑπακούσεσθαι,
1162 2708 1178 2782 ἡ
1203 2706 1243 2770 δέ
1267 2706 1397 2770 ἐπίθε-

207 2853 269 2901 τις
311 2833 380 2893 τοῦ
418 2833 629 2908 κυριεῦσαι
670 2835 740 2902 τῆς
782 2827 934 2900 πόλεως
967 2833 1179 2908 συνεῖχεν,
1215 2823 1396 2904 ἠναγκάσθη

207 2949 457 3026 συνκαταθέσθαι
493 2957 555 3023 τοῖς
591 2946 777 3028 ἀξιουμένοις
807 2949 821 3012 o‘
851 2946 1049 3028 Μιθριδοίτης.
1100 2948 1187 3032 Quae
1216 2945 1329 3025 verba,
1362 2949 1397 3012 ni

207 3069 331 3158 gravius
363 3069 482 3158 aliquid
511 3082 679 3160 peecatum
709 3081 774 3148 est,
806 3069 849 3134 sic
880 3069 994 3134 leniter
1021 3067 1168 3134 videntur
1191 3065 1395 3156 refingeuda‚

208 3203 244 3255 ut
278 3191 437 3280 legamus:
476 3194 493 3266 ἡ
529 3191 555 3255 θ’
589 3191 720 3263 ἐπίθεσις
752 3191 797 3254 τὸ
831 3193 984 3268 κυριεῦσαι
1017 3197 1072 3264 τῆς
1098 3188 1222 3262 *πόλεως
1254 3195 1396 3269 συνεῖχεν

208 3313 271 3378 κτὲ.
295 3311 356 3378 hoe
380 3333 493 3379 seusu:
521 3333 688 3400 quumque
712 3312 754 3375 ab
778 3311 841 3375 a'llo
865 3311 1039 3374 molimine
1054 3309 1228 3400 ponderet
1251 3317 1289 3372 ut
1313 3309 1397 3372 orbs

208 3443 405 3524 caperetur.
442 3433 649 3499 Praetulerim
673 3445 778 3498 tamen
802 3429 983 3496 huiusmodi
1000 3430 1190 3496 lectionem:
1218 3429 1285 3505 ἡδ’
1309 3431 1395 3494 ε’πι-

208 3557 333 3634 θυμία
364 3560 417 3621 τοῦ
449 3557 603 3636 κυριεῦσαι
634 3559 689 3627 τῆς
721 3553 838 3623 πίλους
870 3553 1008 3629 ἐνῆγεν
1041 3551 1121 3640 (scil.
1146 3553 1198 3616 τθν
1221 3549 1393 3637 βασιλέα);

206 3699 374 3764 quumque
397 3675 522 3768 cupido
539 3675 710 3766 potiundi
733 3673 859 3764 oppido
879 3695 992 3762 regem
1018 3673 1230 3737 str'mularet.
1270 3669 1396 3736 Cestius

207 3809 254 3864 est
284 3799 316 3862 in
346 3799 386 3862 fr.
421 3795 558 3862 XXXVI
587 3819 632 3860 rs.
667 3799 710 3860 20
743 3818 813 3884 sqq.
840 3795 884 3858 sic
907 3817 973 3859 esse
997 3793 1213 3882 corrigendos:
1240 3791 1396 3856 συνέθεντο

208 3915 256 3983 οὗν
287 3919 371 3984 κοιτίι
400 3923 506 3983 τοῦτον
528 3919 579 3983 τὸν
603 3917 704 3996 καιρὸν
727 3915 913 3993 εἰσπέμπειν
931 3915 974 3988 είς
995 3914 1054 3986 τθις
1079 3919 1137 3978 τῶν
1158 3913 1399 3992 ἐπιβουλευομέ-

208 4061 263 4103 νυν
291 4038 387 4110 οἰκίας
410 4038 481 4110 τοὺς
505 4039 740 4118 προσοίσοντας
764 4037 870 4108 αὐτοῖς
894 4035 953 4107 τθις
976 4041 1098 4115 χεῖρας.
1146 4033 1268 4122 Nempe
1292 4033 1400 4098 editur

178 4219 182 4233 ,
208 4155 441 4244 προσοίξοντας
465 4159 546 4235 sal„
571 4181 652 4247 quae
676 4157 769 4224 lectio
793 4157 888 4246 plane
912 4154 1048 4221 absurda
1073 4167 1131 4220 est.

254 4278 390 4346 Claudat
419 4277 532 4344 harum
564 4279 825 4356 observationum
850 4299 962 4368 agmen
991 4275 1189 4355 emendatio,
1223 4299 1286 4365 qua
1310 4276 1400 4341 salu·

208 4415 274 4467 tem
305 4400 473 4466 reddidisse
503 4399 582 4465 mihi
613 4400 721 4465 ridear
745 4400 919 4489 aegrotanti
942 4399 1033 4478 loeo,
1060 4399 1115 4487 qui
1138 4397 1254 4486 legitur
1276 4395 1401 4462 ibidem

208 4541 254 4584 as.
292 4525 345 4586 32.
394 4521 549 4588 Narratur
582 4520 627 4584 ibi
662 4518 797 4586 Catilina
830 4543 903 4586 cum
935 4507 1070 4586 Lentulo
1102 4519 1234 4608 aliisque
1264 4517 1402 4607 perditis

211 4637 459 4710 adolescentibus
495 4639 723 4720 coniuravisse,
758 4653 792 4706 ut
826 4641 968 4708 consules
993 4654 1025 4707 et
1048 4654 1204 4708 senatores
1229 4639 1402 4706 occasione
