2990 5012
687 444 726 508 41

192 627 356 696 Articulus
392 627 481 696 facile
516 629 674 698 reddetur
709 633 938 698 Anrsrornnnr
972 630 1004 698 in
1030 628 1188 719 Anoporo
1220 651 1270 719 ap.

148 743 374 833 Etynroiognrn
404 767 433 832 p.
464 749 547 821 207,
572 749 615 814 53
640 745 831 815 scribendo:

726 863 803 953 νυ
820 867 921 951 νων
948 869 1004 932 ιν

396 979 602 1064 βουνιέφοιλον
627 985 680 1046 κοιλ
707 981 789 1069 (τὸν)
817 983 1006 1048 κοππατίαν

149 1111 233 1178 quac
257 1101 359 1158 nretro
384 1091 590 1180 anapaestico
615 1093 798 1182 conscripta
825 1093 923 1162 foisse
947 1104 1090 1183 apparet.
1122 1091 1189 1160 Non
1210 1091 1271 1159 rni-

148 1227 210 1273 ous
241 1206 443 1274 necessarius
476 1217 524 1274 est
556 1207 588 1275 in
617 1218 691 1276 nota
716 1209 922 1279 locutioneo'
950 1215 1046 1298 κύβος
1071 1214 1270 1297 ἀνερρίφθω,

148 1343 250 1408 qnare
273 1320 306 1388 in
324 1321 500 1390 btsnnnonr
526 1324 596 1390 loco
622 1345 659 1390 ex
685 1325 876 1412 Arrepboro
900 1347 951 1414 ap.
972 1323 1085 1392 Athen.
1105 1347 1134 1414 p.
1158 1327 1222 1391 559
1240 1325 1272 1390 t'.

149 1434 269 1514 cresin,
296 1457 391 1523 qtranr
425 1437 589 1525 quomodo
621 1437 780 1526 scriptura
814 1437 993 1526 significent
1026 1437 1139 1505 dubito
1169 1439 1272 1522 (ἀνερ-

147 1551 311 1636 ρίφοώΐ),
346 1551 451 1618 crasin
484 1563 590 1620 tarnen
622 1552 768 1620 obtinere
796 1551 936 1620 arbitror
963 1551 995 1619 in
1020 1551 1125 1620 verbis
1157 1559 1272 1638 α’νερ-

149 1671 285 1750 ρίφθω
314 1672 459 1755 norim
492 1687 598 1756 neque
625 1668 746 1736 Annxrs
770 1687 821 1755 ap.
847 1666 960 1734 Athen.
984 1690 1015 1756 p.
1041 1671 1083 1735 60
1109 1667 1133 1734 rt
1157 1669 1269 1756 fragrn.

150 1779 211 1848 inc.
238 1802 284 1848 rs.
311 1785 348 1846 11
375 1780 520 1870 scripsit,
545 1781 676 1872 opinor:

574 1901 790 1987 ἠσχολεῖτο,
817 1910 880 1978 πᾶν,Ι
905 1897 935 1966 δ’
957 1903 1048 1982 σὲγών

329 2010 380 2080 ἐπ’
405 2020 458 2096 ἐμὲ
484 2024 630 2097 κατήντα

151 2127 225 2194 sed:
251 2126 478 2215 ἠσχολεῖθ’,
503 2133 521 2192 o'
544 2140 607 2205 πᾶς
632 2128 661 2194 δ’
685 2132 775 2209 otyor
802 2137 865 2197 κτέ.

197 2239 274 2306 Male
307 2248 419 2306 contra
450 2239 593 2308 abundat
624 2240 778 2309 articulus
810 2241 842 2309 in
875 2241 1005 2308 Dnnnn
1034 2240 1199 2310 Centauro
1223 2263 1273 2330 op.

153 2353 225 2419 ath.
252 2353 289 2420 tv
315 2375 345 2442 p.
372 2355 432 2421 131
459 2355 492 2422 F.
518 2376 563 2422 vs.
590 2360 623 2422 1:

284 2468 439 2557 Moyrrp',
464 2477 482 2538 o'
506 2481 594 2540 δελων
620 2477 634 2538 ἐ
643 2497 737 2541 στιν
760 2480 777 2539 ὁ
800 2475 976 2554 δειπνίζων
1001 2473 1028 2540 τ’
1055 2479 1107 2558 ἐμὲ

284 2587 416 2664 Ῥόδιος
445 2593 509 2654 uri.

196 2698 275 2778 Ostia
306 2699 390 2768 enirn
423 2708 440 2768 o‘
473 2704 650 2780 δειπνίζων
679 2699 763 2768 idern
789 2712 838 2768 est
862 2701 918 2789 qui
941 2709 959 2769 0‘
985 2713 1090 2781 bitur,
1126 2725 1163 2769 ex
1189 2711 1276 2770 certo

153 2815 223 2901 tege
248 2815 405 2882 sermonis
429 2815 692 2884 rescribendum:

329 2933 481 3019 Μάγειρ’,
503 2939 520 2999 o‘
545 2939 634 3000 θύων
660 2938 673 2998 ε’
682 2940 743 3000 στὶ
769 2934 944 3011 δειπνίζων
968 2932 996 2998 τ’
1018 2939 1071 3016 ἐμὲ

330 3050 461 3124 Ῥόδιος
487 3057 551 3116 ειτὲ.

150 3181 235 3232 non,
262 3161 349 3248 qood
375 3161 452 3238 iecit,
473 3160 633 3241 Mainake,
660 3161 745 3229 ἐσθ’
770 3171 786 3230 o'
811 3171 877 3230 ιτε.

194 3276 380 3346 Lcridcnsis
414 3299 505 3346 orror
533 3279 640 3367 paullo
666 3277 829 3365 graviores
866 3278 976 3345 turbas
1008 3279 1096 3346 dedit
1119 3303 1169 3368 ap.
1196 3279 1274 3346 rtur.

150 3393 189 3460 de
214 3394 391 3461 audiendis
412 3395 517 3482 poetis
548 3415 578 3482 p.
605 3397 643 3460 21
673 3393 705 3462 [t.
740 3394 771 3462 in
803 3393 892 3462 bisce
924 3396 1084 3462 Annxrnrs
1110 3395 1276 3472 versibus,

151 3527 234 3595 quos
258 3519 423 3576 correctos
448 3527 626 3597 apponam:

330 3633 387 3704 τὰς
412 3626 531 3710 η’δονὰς
557 3625 606 3692 δεῖ
628 3625 797 3707 συλλέγειν
820 3632 876 3694 τὸν
900 3633 1063 3712 σώφρονα·

242 3749 325 3824 τρεῖς
351 3741 379 3806 δ’
399 3745 478 3808 εἶσὶν
503 3741 588 3807 αἵδε
614 3749 672 3824 τὴν
693 3740 833 3822 δύναμιν
859 3743 1052 3824 κεκτημέναι

242 3863 298 3938 τὴν
323 3860 366 3933 ὡς
391 3857 524 3942 ἀληθῶς
550 3854 766 3922 συντελοῦσαν
791 3863 835 3938 τῷ
860 3859 939 3941 βίῳ·

238 3975 273 4035 τὸ
297 3980 398 4040 πιεῖν.
427 3976 462 4036 τὸ
486 3978 619 4052 φαγεῖν,
646 3973 681 4034 τὸ
707 3979 762 4050 τῆς
788 3969 991 4053 Ἀφροδίτης
1020 3975 1207 4054 τυγχάνειν.

195 4081 273 4149 itate
297 4083 394 4170 rotgo
418 4081 571 4150 scribitur
595 4089 684 4164 αἵγε,
711 4082 767 4149 sed
795 4103 857 4169 qua
883 4081 912 4149 ri
937 4081 1075 4170 gaudeat
1101 4081 1216 4148 vocula
1242 4110 1275 4163 γε

154 4217 250 4265 nomo
274 4197 366 4265 tacite
390 4197 515 4264 dixerit.
564 4195 680 4264 Contra
703 4197 819 4264 eadem
844 4196 1000 4286 particula
1025 4197 1106 4264 rnale
1134 4198 1279 4284 neglecto

152 4322 202 4378 est
233 4310 266 4378 in
300 4311 389 4379 hisce
414 4312 558 4379 Bnronrs
584 4309 731 4379 versibus
757 4331 794 4380 ex
819 4317 1102 4393 Συνεξαπατῶντι
1128 4333 1179 4400 ap.
1206 4311 1278 4378 Atb.

156 4448 186 4514 p.
212 4427 276 4492 279
301 4427 343 4492 A:

202 4548 246 4607 A.
276 4548 333 4626 ζῆν
357 4544 385 4607 δ”
404 4549 468 4609 ἐστὶ
497 4547 530 4606 τὸ
559 4542 697 4614 torvos,-
727 4551 769 4610 B.
793 4547 840 4620 ὠς
870 4543 1048 4622 λέγουσιν
1074 4549 1104 4608 οἱ
1128 4547 1229 4626 nosci.
