2990 5012
770 437 812 504 32

228 631 260 698 in
288 651 354 718 quo
378 649 473 698 nemo
497 649 561 696 non
585 626 670 696 ridet
695 629 827 696 verbum
850 633 1000 714 τέμνεται
1027 627 1147 696 nullam
1164 649 1275 698 sanam
1300 633 1358 700 ad-

229 745 356 812 mittere
381 743 698 832 interpretationem,
724 743 757 810 in
774 755 915 810 mentem
938 742 1022 809 renit
1048 743 1108 809 loci
1128 745 1357 832 Aristophanei

228 863 259 928 in
285 859 376 928 l'lulo
401 881 428 924 r.
455 863 562 926 1110;

362 987 379 1060 η’
408 975 538 1056 γλῶττα
563 983 607 1056 τῲ
635 1002 747 1059 κηρυκι
773 983 894 1042 τούτων
920 977 1121 1058 τέμνεται

230 1089 284 1158 ubi
308 1088 451 1176 optimus
468 1087 568 1154 codex
586 1085 753 1154 Ravennas
771 1107 830 1174 pro
854 1091 1003 1171 τέμνεται
1029 1107 1198 1174 perperam
1222 1089 1354 1158 exhibet

228 1213 441 1290 γίγνεται.
466 1203 554 1282 Quae
575 1215 684 1270 autem
709 1201 805 1268 lectio
830 1201 893 1268 illie
918 1201 995 1268 lalsa
1019 1211 1069 1268 est
1093 1201 1146 1268 hie
1171 1203 1266 1271 unice
1282 1223 1356 1270 rera

229 1339 301 1386 esse
326 1319 468 1386 ridetur:

406 1441 446 1501 ταὶ
466 1443 576 1500 πάντα
594 1441 698 1518 τούτῳ
721 1437 924 1512 γίγνεται
950 1439 1004 1496 κατ’
1034 1441 1221 1516 πράττεται.

229 1545 381 1614 Similiter
401 1545 635 1613 Demosthenes
659 1564 717 1632 pro
739 1543 932 1612 Phormione
957 1564 988 1631 p.
1019 1547 1085 1610 949
1111 1557 1182 1612 extr
1205 1568 1212 1612 :
1234 1555 1273 1614 τὰ
1296 1553 1357 1632 μὲν

229 1659 286 1732 οὖν
311 1665 567 1748 πεπραγμένα
585 1667 648 1728 καὶ
665 1663 904 1747 γεγενημένα
917 1665 1119 1746 Φορμίωνι
1137 1669 1216 1746 πρὸς
1230 1662 1359 1730 Ἀπολ·

229 1781 369 1863 λὸὸωρον
395 1781 429 1856 ἐξ
452 1791 551 1865 αρχῆς
574 1777 696 1844 ἅπαντ’
717 1777 889 1861 ἀκηκόατε.
916 1773 1003 1840 ldettl
1026 1771 1065 1838 ΙΙΙ
1088 1773 1221 1862 Philipp.
1244 1797 1273 1862 p.
1294 1779 1356 1841 111

230 1891 330 1960 med:
357 1899 391 1960 ἐν
419 1894 453 1959 dt'
482 1901 550 1968 τοῖς
582 1904 774 1974 πράγμασι
805 1901 868 1956 καὶ
893 1900 974 1966 τοῖς
1002 1894 1257 1973 γιγνομένοις
1284 1898 1357 1975 περὶ

230 2018 294 2076 τῶν
321 2015 463 2096 ἐσχάτων
488 2008 550 2092 ἤδη
574 2006 776 2072 κινδυνεύειν
805 2011 871 2071 κτὲ.

274 2119 554 2200 Quemadmodum
577 2123 724 2201 γίγνεται
750 2127 782 2182 et
807 2121 955 2201 τέμνεται
981 2115 1072 2184 laeile
1097 2117 1354 2196 confunduntur,

229 2235 272 2302 ita
298 2255 395 2302 nemo
408 2233 578 2302 mirabitur
595 2231 718 2299 scribas
735 2231 906 2320 aliquando
924 2251 989 2298 non
1001 2231 1187 2298 distinxisse
1199 2233 1358 2301 HOE'IN

229 2357 370 2436 (πονεῖν)
394 2371 411 2416 a
440 2357 600 2420 ΝΟΕΙΝ.
650 2347 683 2414 ld
709 2349 827 2416 lactum
851 2365 924 2414 esse
948 2344 1098 2432 suspicor
1121 2345 1153 2412 in
1178 2345 1355 2412 [lnuoxnut

228 2467 408 2553 llagurento
421 2485 439 2532 e
451 2473 656 2551 Συντρόφοις
672 2484 723 2552 ap.
744 2463 859 2531 Athen.
882 2461 931 2528 lll.
947 2483 976 2550 p.
993 2467 1054 2529 101
1071 2461 1102 2540 F,
1120 2461 1173 2529 ubi
1187 2462 1355 2530 inducitur

229 2603 355 2670 coquus
380 2579 514 2648 iactator
541 2589 573 2645 et
597 2578 745 2666 garrulus
770 2577 850 2646 haee
875 2575 1004 2644 dicens:

815 2695 1011 2781 Ἐπίκουρος
1035 2695 1070 2760 δι’
1092 2723 1129 2778 με

360 2815 436 2896 ὁρᾷς
459 2815 612 2896 μαθητὴν
637 2813 718 2875 ὄντα
743 2820 796 2875 τοῦ
821 2823 932 2891 σοφοῦ,
961 2809 1037 2892 παρ’
1061 2801 1088 2896 ᾦ

364 2935 397 2994 ἐν
423 2923 472 2992 δύ’
490 2929 594 2991 ε”τεσιν
624 2929 678 2990 καὶ
702 2929 797 3008 μησὶν
822 2927 880 3011 οὐχ
903 2924 992 3001 ὅλοις
1018 2925 1097 2990 δέκα

363 3041 494 3110 τάλαντ’
512 3047 573 3122 ἐγώ
598 3064 645 3106 σοι
669 3043 899 3106 κατεπύκνωσα
927 3039 1078 3122 τέτταρα.

362 3159 404 3220 Β.
429 3165 523 3220 τοῦτο
548 3153 581 3218 di
607 3155 638 3216 σι’
662 3161 765 3226 ἐστιν·
792 3155 862 3218 εἶπέ
885 3179 951 3236 μοι.
998 3157 1046 3218 Α.
1072 3161 1253 3234 καθήγισα·

359 3277 509 3354 μάγειρος
532 3265 570 3352 ἦν
596 3275 756 3346 κακεῖνος,
782 3261 806 3334 ὦ
832 3281 871 3351 γὴ
897 3274 952 3334 καὶ
978 3273 1061 3334 θεοί.

362 3389 405 3450 Β.
427 3393 520 3459 ποῖος
543 3391 708 3468 μάγειροςι
737 3385 783 3448 Α.
812 3391 849 3468 νή
873 3389 984 3465 φύσις
1009 3391 1129 3468 πάσης
1155 3383 1295 3468 τέχνης

360 3501 572 3588 α’ρχέγσνόν
599 3494 701 3564 ἐστ’”
727 3499 916 3586 ύρχέγσνσν,
944 3497 1106 3579 ώλιτηριε.

274 3613 449 3700 llucusque
470 3611 632 3698 dialogus,
651 3611 923 3700 quemadmodum
950 3629 1024 3676 eum
1049 3607 1218 3676 constituit
1242 3607 1355 3690 Cobet,

228 3743 302 3816 apte
318 3725 461 3796 decurrit
479 3747 538 3794 neo
559 3724 697 3793 dillreilis
714 3735 763 3791 est
779 3724 819 3792 ad
837 3724 1099 3812 intellegendum.
1126 3723 1226 3812 Verba
1246 3735 1355 3792 autem

230 3855 248 3930 φ’
272 3853 380 3928 φύσις
397 3883 440 3892 -
458 3846 526 3911 ἐστ’
548 3841 718 3927 desumpta
743 3849 818 3906 sunt
841 3861 859 3906 a
880 3850 988 3927 poeta,
1016 3839 1077 3906 nisi
1101 3839 1202 3918 lallor,
1226 3859 1265 3906 ex
1282 3839 1354 3927 ipso

228 3959 319 4028 initio
340 3957 587 4048 praeclarissimi
602 3955 709 4044 operis
727 3953 874 4042 Epicuri,
893 3955 982 4043 quod
996 3965 1115 4042 Κύριαι
1131 3957 1223 4033 δόξαι
1241 3953 1353 4022 inscri-

229 4074 375 4142 bebatur.
400 4071 461 4142 Sed
475 4072 554 4161 qnid
570 4073 725 4140 laeiamus
739 4091 834 4138 versu
848 4069 1016 4158 sequenti:
1038 4077 1102 4140 οὐκ
1119 4077 1225 4140 ἔστιν
1239 4073 1351 4141 οὐδὲν

230 4205 298 4258 τοο
316 4201 464 4260 πονεῖν
479 4197 716 4275 σοφώτερον,
736 4186 791 4274 qui
806 4186 972 4274 quomodo
985 4185 1156 4254 cohaereat
1169 4207 1244 4254 eum
1258 4206 1349 4274 prae·

229 4303 420 4371 rodentibus
445 4325 540 4372 nemo
565 4303 656 4370 facile
681 4301 820 4370 dixerit‘l
846 4300 960 4370 Procul
983 4301 1083 4369 dubio
1099 4322 1211 4370 verum
1237 4313 1304 4370 est:

363 4425 419 4488 οὐκ
444 4425 532 4488 ε”στιν
558 4421 652 4488 oude'
676 4423 692 4485 ἓ
702 4447 719 4486 ν
746 4429 862 4486 νοεῖν
885 4425 1068 4504 σοφώτερον
1093 4423 1158 4484 κτέ.

232 4531 251 4596 i.
277 4551 303 4596 e.
331 4532 417 4598 ullril
435 4534 620 4621 sapientius
644 4532 784 4621 eopilnri
804 4539 920 4620 polest.
