2932 5004
633 368 694 429 135

65 555 173 628 ἡδονῆς
195 551 265 625 τοὺς
289 549 427 634 ἄφρονας
451 562 578 635 χωρεῖ
600 555 670 634 πρὸς
696 553 738 618 τίς
761 556 874 634 φαῦλα
894 558 951 618 τῶν
972 551 1077 634 έργων.
1113 551 1253 619 Verbum

64 683 178 755 χωρεῖν
201 695 377 763 numquam
401 695 493 740 sensu
516 675 678 739 transitivo
699 673 843 762 usurpari
865 673 1001 761 potuisse
1024 674 1090 740 fere
1108 673 1255 763 putidum

66 809 112 860 est
146 817 288 860 monere.
339 793 433 859 Aliud
464 796 561 884 igitur
588 793 719 860 verbum
743 795 776 858 in
799 802 896 874 χωρεῖ
914 792 1098 860 delitescere
1122 795 1254 860 dubium

66 937 133 980 nen
170 927 229 979 est.
286 913 408 992 Fauor,
446 937 485 979 en
517 915 654 1004 genuina
684 914 778 980 lectio
809 912 888 978 haec
918 925 983 978 est:
1016 915 1085 986 τοὺς
1116 915 1255 998 ἄφρονας

65 1043 331 1116 χειραγωγεῑ
351 1037 422 1116 πρὸς
446 1036 489 1100 τίς
512 1040 628 1117 φαῦλα
651 1036 709 1100 τῶν
733 1033 854 1116 έργωνί
902 1032 954 1100 Sic
979 1059 1009 1099 r.
1035 1057 1064 1100 c.
1090 1035 1130 1101 fr.
1156 1035 1251 1101 XXI:

66 1154 113 1220 ἔτι
148 1156 177 1241 (ί
207 1153 323 1242 insere)
353 1161 411 1220 τῶν
442 1157 567 1233 οίγαθῶν
597 1155 708 1236 ἀνδρῶν
739 1153 860 1226 ἔπαινος
891 1154 943 1218 καί
976 1157 1009 1220 αί
1040 1162 1097 1220 τῶν
1126 1161 1255 1236 πονηρῶν

64 1277 281 1356 βλασφημίαι
308 1273 454 1353 μαλιστα
478 1275 622 1342 δύνανται
647 1276 719 1356 πρὸς
742 1275 786 1339 τθι
809 1274 895 1339 καλίι
920 1277 979 1340 τῶν
1002 1275 1095 1356 ἔργων
1118 1284 1180 1349 τοῖς
1204 1279 1255 1342 θν-

66 1397 209 1477 θρθποις,
235 1397 333 1485 (Iegez
360 1397 430 1470 τοὺς
453 1395 635 1484 ἀνθρώπους)
659 1405 950 1478 χειραγωγεῖν.

113 1516 239 1582 Ibidem
282 1518 316 1582 in
358 1517 534 1606 fragmento
577 1519 669 1584 tertio
715 1539 845 1596 eorum,
895 1537 976 1604 quae
1011 1517 1185 1585 efferuntur
1219 1543 1256 1585 ex

68 1637 246 1728 Euripide,
283 1639 326 1703 sic
358 1639 462 1704 editur
495 1638 578 1729 apud
610 1639 709 1704 Bekk.
745 1663 789 1705 rs.
825 1645 864 1703 5:
900 1637 1008 1703 ποίντα
1043 1639 1175 1716 θέλγεις·
1204 1642 1254 1705 έπί

67 1760 131 1838 γὰρ
169 1759 332 1840 Ὀρφείαις
367 1760 565 1842 μελῳδίαις.
614 1758 692 1825 God.
730 1760 895 1824 manifesto
926 1758 1022 1823 hebet
1056 1757 1112 1836 μὲν
1147 1759 1255 1840 ᾠδαῖς,

68 1879 156 1969 quod
180 1879 219 1944 de
246 1880 426 1944 coniectura
449 1881 629 1946 restitutum
652 1901 716 1945 esse
741 1879 829 1944 rideo
853 1901 870 1942 a
895 1877 1040 1943 Mullero.

115 2003 206 2086 Quae
230 1999 331 2064 solute
355 2001 495 2066 oratione
519 2001 633 2090 scripte
657 2011 726 2089 post
749 1998 811 2064 hcc
830 1999 1042 2087 fragmentum
1062 2012 1254 2087 sequuntur,

68 2125 112 2188 sic
144 2119 311 2186 scribenda
342 2143 407 2185 esse
438 2120 562 2185 iudico:
595 2121 693 2185 καίτοι
722 2143 761 2198 γε
793 2119 876 2200 πθσιρ
904 2119 1043 2198 κρείττω
1075 2119 1139 2185 ἐστί
1172 2143 1256 2200 προ-

68 2243 218 2323 φέρεσθαι
247 2243 306 2306 τῶν
336 2239 517 2318 ποιημάτων
546 2242 589 2306 τθι
620 2241 675 2314 τίην
704 2241 845 2306 ἐναντίων
873 2240 988 2314 τούτοις
1017 2239 1132 2320 έχοντα
1157 2239 1257 2322 παρθ-

67 2379 196 2438 ιιλησιν,
224 2385 283 2451 pro
310 2361 457 2450 vulgetis:
482 2363 580 2426 καίτοι
608 2385 647 2439 γε
671 2361 753 2443 πίσρ
777 2362 933 2442 κρεῖττόν
957 2363 1038 2426 ἐστιν
1061 2361 1256 2443 ἐκφέρεσθαι

67 2485 131 2548 κτὲ.
159 2483 259 2548 Recte
277 2495 384 2548 eutem
401 2505 495 2572 supra
512 2483 635 2548 editur:
661 2485 735 2562 παρ’
752 2479 874 2546 έκαστα
898 2479 1165 2562 προφέρονται
1188 2483 1256 2547 τοιί·

68 2627 135 2676 τους
157 2603 230 2674 τοὺς
248 2603 377 2684 στίχους
397 2609 455 2668 τῶν
476 2598 614 2677 ποιητῶν.
651 2601 703 2668 Sic
727 2623 854 2690 quoque
878 2599 933 2664 tib.
958 2599 1082 2664 XXXII
1093 2601 1132 2665 fr.
1149 2602 1256 2668 XXIV

68 2725 106 2789 de
120 2724 273 2789 Africano
284 2735 354 2813 post
375 2722 530 2788 excidium
550 2721 749 2812 Carthaginis
765 2722 946 2787 Homericos
963 2742 1067 2785 versus
1083 2721 1252 2788 efferente:

67 2847 118 2908 καί
151 2844 278 2916 τούτους
312 2843 408 2932 (τοὺς)
442 2844 570 2925 στίχους
601 2845 688 2925 παρίι
718 2849 771 2908 τοῦ
807 2847 930 2917 ποιητοῦ
962 2841 1253 2923 προηνέγκατο.

68 2966 115 3030 Dc
137 2965 243 3031 verbis
268 2964 403 3047 ἐκφέρειν
424 2976 456 3028 et
479 2965 638 3047 προφέρειν
661 2965 798 3029 confusis
823 2964 964 3030 conferas
988 2952 1194 3029 Scheeferurn
1215 2962 1256 3026 ad

68 3087 258 3176 Gregorium
284 3083 484 3150 Corinthium
508 3109 541 3174 p.
568 3087 633 3150 218
657 3097 689 3150 et
711 3109 743 3172 p.
771 3087 849 3149 340.

291 3323 390 3390 ΑΒΝ.
419 3323 475 3390 ΑΒ
499 3325 581 3391 LIB.
608 3324 778 3392 XXXVIII
803 3325 858 3391 ΕΤ
882 3323 1030 3390 XXXIX.

114 3568 252 3634 Pessime
287 3565 432 3632 habitum
464 3581 510 3632 est
544 3567 583 3632 fr.
617 3567 652 3645 I,
685 3568 718 3632 in
750 3589 813 3656 quc
844 3577 1012 3630 narrentur
1040 3563 1255 3630 Romanorum

67 3687 165 3775 iegati
188 3687 309 3752 venisse
333 3685 372 3751 ed
398 3685 551 3765 Cinnam,
577 3689 632 3776 qui
654 3687 835 3752 inimicitius
859 3709 932 3752 curn
955 3708 992 3750 ec
1016 3699 1252 3773 componerent.

69 3803 124 3882 Οίς
159 3807 249 3896 (nem
280 3807 323 3872 ita
355 3807 394 3872 lt.
428 3806 543 3896 pergit)
575 3809 733 3888 θπθκρισιν
756 3807 863 3874 ἔδωκεν
886 3809 900 3871 ί
927 3803 1044 3878 ίίπατος
1068 3804 1254 3882 ἐξεληλυθὼς

67 3932 112 4000 ὥς
140 3930 177 3994 οὐ
204 3925 465 4008 προσεδέξατο
492 3930 547 4004 την
575 3927 719 3995 ε’πιίνοδον
746 3931 776 3994 ἐν
808 3929 923 3995 ἰδιώτου
956 3928 1103 4010 σχήματι
1127 3929 1256 4021 ποιήσοι·

67 4052 146 4114 σθαι.
198 4049 287 4134 Quae
317 4047 412 4113 verbe
443 4051 488 4114 sic
511 4051 626 4139 scripta
649 4049 771 4115 nullum
794 4049 941 4116 idoneam
965 4048 1136 4114 admittunt
1160 4049 1255 4116 iuter·

68 4169 287 4260 pretationem.
338 4167 410 4234 Non
441 4182 548 4236 tumen
574 4169 708 4235 dubium
739 4193 804 4236 esse
825 4182 948 4260 potest,
975 4168 1136 4257 quodnam
1159 4169 1254 4234 fuerit

70 4289 192 4356 Ciunec
214 4313 414 4381 responsum.
463 4291 546 4356 Nam
564 4291 743 4381 respondit,
769 4293 802 4357 ni
825 4291 949 4380 egregie
972 4291 1083 4370 fallor,
1108 4311 1167 4366 ce,
1192 4292 1255 4375 qui

71 4412 190 4476 consul
222 4411 337 4476 urbem
372 4413 598 4500 reliquisset,
635 4415 725 4478 nolle
761 4411 873 4477 ecdem
906 4410 1026 4476 redire
1049 4413 1251 4500 privatum,

70 4533 89 4596 i.
113 4555 142 4599 e.
171 4555 205 4598 sc
229 4555 266 4599 eo
289 4547 382 4624 paeto
406 4557 472 4600 esse
496 4533 691 4613 rediturum,
724 4547 759 4600 ut
783 4533 982 4599 consulatum
1006 4531 1063 4596 eibi
1086 4527 1253 4596 redderent

73 4653 121 4735 [cf.
158 4653 201 4720 fr,
239 4653 313 4742 III).
365 4655 451 4740 Quee
489 4655 607 4722 Graece
642 4655 770 4721 fuerunt
802 4649 995 4720 enuntianda
1029 4661 1061 4714 et
1089 4651 1252 4715 enuntiate
