2974 5016
646 549 668 614 6

95 733 315 802 dubitaverim.
338 735 408 802 Hoc
430 740 536 801 nmen
558 733 757 818 addendum,
780 735 883 821 ipeem
904 735 992 801 illnm
1015 735 1133 802 veriam
1152 737 1214 803 lec-

96 849 215 915 tionem
246 846 391 922 σίζοντες
422 848 515 915 unice
546 867 654 914 verum
677 867 747 914 csse
770 847 880 914 videri.
904 847 1029 934 Quippe
1053 846 1121 922 ζεῖν
1144 870 1215 934 pro-

94 962 165 1048 prio
187 981 246 1028 usn
268 960 411 1028 adhiben·
430 962 511 1028 solet
532 961 574 1028 de
596 981 679 1046 eque
694 961 869 1045 ceterisque
888 962 982 1028 rebus
1002 959 1217 1029 bullientibus

96 1076 135 1140 Π.
166 1079 198 1136 Σ
228 1075 304 1139 349.
335 1073 439 1157 αὐτὰρ
472 1072 584 1154 ἐπειδὴ
611 1072 759 1148 ζέσσεν
782 1073 867 1155 ὕδωρ
893 1075 942 1138 ἐνί
967 1077 1066 1154 ἤνοπι
1091 1073 1213 1159 χαλκῷ.

96 1187 178 1253 Ibid.
199 1189 230 1248 Φ
250 1187 325 1253 365.
347 1188 390 1261 ὣς
412 1191 468 1251 τοῦ
489 1186 574 1250 καλοί
597 1186 717 1270 ῥέεθρα
737 1190 815 1270 πυρί
833 1185 983 1269 φλέγετο,
1007 1186 1045 1262 ζέ
1053 1213 1065 1252 ε
1087 1185 1117 1251 δ’
1129 1187 1215 1273 ὕδωρ

95 1301 137 1366 de
160 1300 290 1366 Xantho
312 1301 450 1367 flumine.
474 1300 523 1366 cf.
547 1299 662 1385 Odyss.
688 1327 697 1361 ι
722 1301 797 1366 360.
820 1298 945 1366 Deinde
967 1300 1102 1384 figurato
1121 1321 1217 1370 sensu

95 1413 282 1480 transfertur
303 1413 344 1479 ad
366 1415 506 1479 animum
530 1413 660 1497 eiusque
682 1413 830 1496 effectus,
850 1413 1035 1498 pracsertim
1054 1413 1215 1482 adirem.

95 1525 213 1601 Σίζειν
237 1545 313 1592 vero
335 1531 479 1592 accurate
501 1525 673 1610 respondet
690 1531 798 1591 nostro
816 1527 913 1593 verbo
928 1527 970 1592 ab
988 1525 1101 1593 eodem
1112 1527 1217 1594 radice

95 1640 230 1706 lormeto
260 1637 363 1705 cisson
392 1637 568 1721 diciturque
597 1637 795 1723 potissimum
825 1636 866 1703 de
888 1639 982 1704 rebus
1005 1639 1216 1724 ferventibus,

95 1771 178 1836 quoe
199 1771 283 1835 nque
303 1751 401 1817 aliore
426 1751 558 1816 humore
579 1750 696 1816 tinctae
717 1748 886 1816 strideant
907 1749 1120 1836 sibilenlqn03
1143 1773 1218 1818 num

95 1867 141 1930 ite
160 1864 275 1930 Latini.
296 1863 344 1930 (ll.
365 1862 457 1930 Ovid.
477 1863 684 1949 Metamorph.
697 1863 763 1929 XII
775 1865 816 1930 27
820 1863 850 1928 9.
872 1850 1218 1948 Hincfrequentiesime

95 1984 263 2063 usurpetur
281 1977 322 2043 de
344 1977 422 2044 cibis
440 1977 537 2044 coctis
558 1983 653 2061 atque
674 1977 798 2043 assatis.
821 1975 881 2043 Off.
904 1976 1001 2044 Arist.
1021 1977 1081 2062 Eq.
1101 1978 1166 2044 926
1186 1985 1219 2045 et

94 2091 234 2157 Acheru.
259 2091 361 2173 1122,
385 2090 544 2175 Magnetis
566 2089 604 2155 fr.
627 2089 661 2156 Π
686 2086 732 2177 (p.
758 2087 833 2178 10):

273 2185 433 2287 ταμηνίοιο
456 2201 519 2286 ἤδη
542 2201 700 2267 τεθέασαι
725 2200 877 2286 χλιαρούο

275 2317 499 2396 σίζοντας,
524 2317 605 2381 ὅταν
631 2315 780 2410 αὐτοῖσιν
806 2313 938 2400 ἐπιχέῃς
961 2314 1051 2398 μέλις

140 2433 224 2499 Hinc
248 2431 438 2513 rectissime,
463 2431 490 2497 ei
513 2429 588 2514 qnid
611 2428 730 2511 iudico,
756 2429 825 2514 ipss
847 2427 1026 2496 Meinekius
1048 2429 1081 2496 in
1104 2431 1217 2499 Tele·

95 2543 225 2612 clidis
239 2544 416 2629 fragmento
427 2543 512 2629 apud
523 2543 686 2609 Pollucem
697 2543 739 2606 X.
752 2542 795 2606 84
808 2539 1093 2629 (ΑΨΒΤΔΕΩΝ
1103 2544 1140 2610 tr.
1156 2547 1172 2610 1
1186 2567 1217 2631 p.

95 2655 196 2746 365),
227 2657 354 2722 adiutus
383 2655 518 2723 lectione
540 2654 658 2722 codicis
679 2654 835 2721 Falkcnb.
859 2653 1087 2738 πηγανίζοντα
1110 2657 1217 2742 legen-

95 2771 173 2837 dum
195 2769 375 2856 proposuit:

765 2881 806 2942 τοὶ
830 2877 865 2942 δέ
891 2885 1020 2960 τήγανα

429 2991 612 3068 σίζοντά
636 3015 685 3056 σοι
708 2990 886 3074 μολύνεται

96 3131 155 3197 pro
176 3109 331 3194 vulgetis:

277 3223 317 3284 τοί
341 3218 376 3283 dl
402 3225 529 3299 τήγανοι
554 3217 711 3294 ζίοντά
735 3241 785 3283 σοι
809 3217 998 3301 μολύνεται.

144 3333 247 3412 Quem
267 3333 520 3401 emendationem
539 3331 703 3399 confirmet
722 3331 868 3399 Alexidis
882 3334 1032 3420 locusap.
1044 3333 1140 3400 Mein.
1153 3335 1221 3412 ΠΙ,

95 3471 128 3535 Ρ.
152 3447 217 3514 471
231 3560 268 3623 τὸ
293 3557 325 3623 d’
348 3557 431 3623 ἄλλο
456 3561 548 3640 σῶμα
572 3557 766 3640 κατατεμὼν
791 3555 933 3633 πολλούς
957 3561 1077 3644 κύβους

233 3678 353 3754 σμήσας
377 3697 410 3736 τε
436 3671 567 3746 λεπτοῖς
590 3670 679 3750 ἁλσί,
707 3670 931 3738 δειπνούντων
956 3673 1023 3753 ἅμα

232 3787 286 3848 ἐπί
310 3786 346 3848 τὸ
372 3791 565 3868 τάγηνον
590 3783 710 3860 σίζον
736 3785 886 3849 ἐπισείων
911 3782 1009 3868 ptum.

144 3899 191 3966 Ut
203 3905 314 3966 eutem
333 3899 461 3965 redeam
477 3899 519 3964 nd
530 3900 634 3966 locum
647 3897 908 3980 Pherecrateum,
922 3895 1122 3964 scribendum
1132 3903 1222 3985 puto:

189 4013 310 4094 φύσκαι
335 4009 370 4074 δὲ
396 4013 449 4075 καί
475 4011 674 4087 σίζοντες
698 4009 872 4076 οίλλάντων
897 4015 988 4092 τόμοι

190 4129 278 4208 παρὰ
302 4131 372 4200 τοῖς
397 4132 595 4206 ποταμοῖσιν
621 4123 867 4208 ἐξεκέχυντ’
891 4123 966 4189 ἀντ’
989 4121 1168 4208 ὀστράκων.

93 4261 163 4308 non
193 4239 277 4325 quod
309 4237 439 4316 ζέοντες
472 4243 563 4324 τόμοι
587 4239 692 4306 minue
715 4239 836 4306 Graece
858 4237 976 4306 dictum
999 4256 1070 4305 esse
1093 4243 1218 4324 putem,
