2974 5016
821 405 881 464 loe

317 575 392 659 Oep.
412 578 454 637 52
479 593 573 658 prope
596 572 701 638 finem:
725 565 997 656 ἀπολαμβάνουσι
1017 567 1159 643 ostreno
1180 575 1213 642 ἐν
1230 581 1278 662 τῷ
1294 579 1411 668 [rodni

273 689 342 774 καὶ]
364 687 458 770 μυχῷ
477 686 537 750 τοῦ
557 684 695 766 λιμένος.
721 687 770 752 Oi.
794 687 859 752 VH
883 711 948 775 cap.
972 695 1002 753 4.

318 803 393 888 Cap.
416 801 459 866 53
483 820 576 885 prope
599 799 689 866 duem
713 825 855 890 expungo
885 795 941 890 τήν
962 803 1039 867 ναῦν
1061 813 1131 892 post
1153 796 1310 890 dereiner,
1334 829 1408 872 nam

273 917 463 1003 intelligitur
485 937 501 980 e
525 917 710 1002 praegressis
732 908 864 996 ὁλκάδα,

316 1035 383 1120 Cap
405 1033 447 1100 57
472 1031 490 1115 d
511 1031 546 1094 2:
571 1025 742 1116 Αἰγινῆται
771 1021 822 1116 [οἳ
849 1019 925 1094 τότε
954 1031 1090 1113 Αἴγιναν
1120 1024 1239 1114 οἶχον],
1273 1031 1326 1098 καὶ
1358 1027 1410 1096 ἔτι
1476 951 1480 1066 i

271 1145 407 1234 Ἐςιαιῆς
428 1143 474 1223 [oi
495 1141 527 1208 ἐν
549 1132 674 1225 Εόβοίᾳ
691 1130 829 1220 ‘urtam
849 1137 1023 1224 οἰκοῦντες]
1056 1135 1188 1211 όποανοι
1215 1135 1306 1218 ὄντες
1333 1143 1409 1223 ξυν-

274 1251 481 1348 εςρόπευοαν.
505 1255 585 1322 Ibid.
606 1255 624 1338 d
649 1258 685 1317 9:
708 1254 837 1340 Δωριῆς
864 1250 920 1316 ἐπὶ
951 1257 1082 1342 Δωριᾶς
1110 1249 1182 1341 μετ’
1201 1255 1408 1342 [Admodum]
1480 1277 1481 1286 ³

274 1365 381 1440 Ἰώνων
400 1362 618 1458 &actoridem
642 1389 704 1453 quo
727 1365 906 1432 emblemate
922 1369 1015 1453 periit
1029 1371 1131 1436 omnis
1146 1371 1295 1435 orationis
1312 1371 1409 1434 nitor.

319 1488 394 1574 Cap.
409 1490 450 1550 58
468 1485 565 1550 furcis
584 1482 700 1569 expelle
724 1479 890 1568 magistelli
914 1485 1019 1548 nescio
1039 1486 1130 1550 cuius
1153 1486 1409 1559 additamentum,

274 1601 356 1688 quod
386 1603 453 1688 ipso
479 1601 628 1665 sermonis
657 1597 759 1663 colore
785 1617 818 1660 se
844 1597 965 1682 prodit:
997 1587 1130 1664 δόναται
1158 1597 1195 1665 dd
1224 1595 1263 1665 τό
1293 1599 1410 1664 seoda·

273 1717 380 1798 μῶόες
401 1705 578 1798 ἐλεύθερον
601 1703 663 1799 ἤδη
683 1705 771 1778 εἶναι.
805 1714 855 1776 An
886 1713 967 1776 forte
996 1719 1087 1799 putas
1119 1715 1230 1779 Nostri
1265 1713 1410 1798 aequales
1482 1689 1483 1720 ἢ

274 1831 451 1916 ignorasse,
476 1825 551 1912 quid
564 1825 623 1890 boc
636 1825 822 1892 vocabulum
835 1828 1050 1912 significaret?
1069 1832 1136 1894 Aut
1148 1851 1203 1894 cur
1214 1829 1283 1894 Lib.
1296 1827 1329 1893 V
1340 1833 1387 1894 34
1401 1878 1411 1906 ,

274 1943 327 2010 ubi
353 1943 390 2007 de
412 1941 468 2006 illo
500 1940 659 2006 hominum
683 1961 795 2029 genere
823 1943 951 2027 primam
981 1943 1166 2008 mentionem
1199 1945 1293 2022 iecit,
1322 1946 1409 2009 idem
1483 1959 1484 1966 ’

275 2059 385 2124 docere
408 2057 593 2144 dedignatus
615 2057 685 2122 est?
706 2057 789 2122 Sunt
812 2063 914 2122 auteur
939 2057 1114 2122 huiusmodi
1137 2059 1349 2125 additamenta
1373 2083 1412 2125 eo
1484 2089 1485 2094 ¹

274 2175 427 2261 imprimis
461 2174 585 2238 nornine
624 2174 815 2260 peruiciosa,
859 2173 941 2257 quod
974 2179 1108 2238 veterum
1140 2174 1342 2259 scriptorum,
1392 2199 1411 2238 a
1484 2153 1485 2158 ἵ

274 2289 387 2377 quibus
405 2289 589 2376 eaproiecla
611 2309 677 2352 esse
700 2287 748 2354 vel
771 2288 886 2354 eruditi
900 2288 1048 2366 credunt,
1071 2287 1162 2354 fidem
1183 2311 1325 2376 arrogare
1346 2292 1411 2356 sibi

274 2405 376 2470 solent
402 2403 683 2468 etauctoritatem.
707 2402 824 2467 Verum
848 2425 931 2478 esse,
951 2402 1033 2488 quod
1054 2409 1194 2482 autumo,
1218 2403 1412 2470 documento
1485 2427 1486 2450 ν

274 2524 349 2598 sint,
371 2541 448 2604 quae
471 2517 636 2585 Goellerus
656 2517 796 2602 disputat
818 2517 857 2583 ad
883 2517 911 2580 V
936 2541 1001 2604 cap.
1023 2521 1075 2584 34.

318 2638 393 2721 Cep.
418 2639 476 2698 llll:
506 2625 678 2720 πατρόθεν
708 2625 737 2694 τ’
765 2621 975 2712 ἐπονομάζων
1008 2629 1069 2696 καὶ
1099 2621 1241 2708 oriensis
1272 2623 1413 2712 όνομαςὶ

274 2749 336 2814 καὶ
358 2738 473 2836 φυλήν.
502 2747 587 2819 Quid
614 2747 764 2812 orationis
790 2745 850 2810 hoc
878 2745 945 2810 est?
978 2749 1029 2810 An
1054 2746 1152 2832 igitur
1182 2747 1275 2810 etiam
1295 2749 1413 2811 tridens

273 2861 470 2951 appellabant
493 2853 672 2948 πατρόθεν.
707 2866 814 2948 Apage
845 2861 997 2946 ineptiasl
1033 2869 1064 2925 et
1096 2860 1274 2944 Thucydidi
1305 2863 1412 2927 redde:

274 2967 445 3062 πατρόθεν
470 2966 499 3040 τ’
521 2965 732 3056 ἐπονομάζων
762 2967 905 3049 αότοός
942 2973 1006 3040 καὶ
1046 2965 1184 3056 όνομαςὶ
1214 2973 1281 3042 καὶ
1310 2965 1412 3040 eard

275 3079 391 3178 φυλήν.

320 3203 393 3287 Cup.
419 3203 459 3267 73
486 3201 504 3284 d
529 3200 567 3266 ὃς
588 3195 642 3264 καὶ
663 3190 796 3264 odoldus
816 3193 985 3263 ἔπειθεν
1005 3189 1124 3273 αότοός
1146 3192 1164 3265 ό
1182 3190 1411 3286 Ἑρμοκράτης.

275 3321 435 3406 Perperom
459 3339 475 3380 e
498 3313 586 3378 codd.
610 3311 690 3377 hanc
710 3312 876 3377 lectionem
901 3314 934 3376 in
965 3311 1104 3377 ordinem
1130 3319 1314 3399 receperunt
1343 3312 1412 3376 edi-

274 3442 371 3508 tores,
394 3453 489 3517 quum
513 3435 604 3494 antee
634 3429 807 3494 rectissime
829 3427 989 3492 ederetur:
1010 3422 1063 3492 καὶ
1085 3419 1142 3493 οὐκ
1162 3422 1309 3492 ἔπειθεν.
1332 3428 1412 3492 Per·

275 3549 375 3617 ticula
396 3541 444 3612 ἔτι
466 3543 680 3630 dittographis
696 3551 767 3608 nota
783 3549 830 3608 est
845 3565 883 3607 ex
895 3541 1013 3608 duabus
1027 3541 1134 3627 primis
1146 3539 1246 3605 literis
1266 3542 1411 3608 vocabuli

276 3663 432 3752 sequentis
461 3659 554 3732 Quod
576 3661 656 3724 enim
678 3657 770 3724 hodie
793 3657 948 3744 vulgatur,
971 3655 1410 3743 significaretHermocrotem

276 3776 514 3870 primoquidem
537 3777 726 3862 persuasisse
747 3775 896 3852 ducibus,
920 3772 1030 3837 deinde
1052 3793 1121 3836 vero
1144 3793 1206 3835 nou
1230 3773 1377 3859 emplius.

321 3897 394 3981 Cep.
418 3897 459 3958 75
483 3891 553 3956 init.
574 3913 628 3975 pro
651 3883 669 3978 ἡ
694 3882 885 3968 όνόςαοις
906 3887 1104 3953 scribendum
1129 3885 1253 3952 videtur
1275 3881 1296 3973 ἡ
1316 3879 1411 3950 ‹irro-

275 4007 448 4090 νάςαοις.
473 4007 554 4071 Nam
578 4001 733 4084 όνόςαοτς
754 4011 821 4080 est,
857 4005 959 4089 qualis
984 4001 1170 4068 describitur
1193 4023 1222 4066 ν.
1241 4023 1268 4067 c.
1286 4001 1355 4066 Lib
1375 4002 1411 4066 11

276 4150 342 4211 cap.
371 4129 412 4188 14
447 4129 523 4188 extr.
553 4111 794 4198 Ἀντανίςαοθαι
826 4127 934 4184 contra
964 4119 1106 4183 sollemni
1138 4141 1196 4184 usu
1224 4117 1340 4182 dicitur
1375 4117 1413 4179 de

275 4241 431 4316 exercitu,
452 4239 504 4322 qui
528 4259 560 4302 re
583 4235 697 4299 infecta
719 4235 893 4299 abducitur.

321 4357 395 4441 Cap.
420 4357 460 4418 78
479 4353 548 4417 init.
561 4351 642 4434 lege:
667 4339 753 4430 ὁμὲν
775 4346 891 4422 Νικίας
912 4347 1076 4414 τοιαῦτα
1097 4335 1409 4434 παρακελευόμενος.
