2946 5014
818 355 860 416 ao

273 527 327 612 qni
355 547 392 592 ex
420 548 486 592 mea
520 528 674 592 sententia
712 527 813 592 inesse
848 527 938 593 debet
971 528 1145 615 fragmento
1174 527 1339 616 Sophoclis
1369 548 1404 594 er

274 643 442 731 Duaaeap.
460 643 548 709 said.
571 643 604 708 iu
636 665 701 708 voo.
725 647 878 732 πεῖρα-
898 644 1000 731 πεῖρα
1022 639 1060 707 δὲ
1086 641 1140 707 καὶ
1168 632 1188 731 ἦ
1214 633 1338 730 βλάβη,
1364 632 1405 716 ὥς

273 746 458 846 ἐιΔαιᾶῃ
482 755 672 846 Σοφοκλῆς·
795 741 798 746 ’

428 860 486 937 οὐκ
508 860 583 936 οἶδα
600 862 658 958 τήν
680 861 738 957 opu
757 869 921 954 πεῖραν·
948 863 981 934 ἓν
1000 856 1031 931 δ’
1052 863 1247 950 ἐπίσταμαι·

426 981 487 1048 τοῦ
507 975 627 1055 παιδός
649 973 742 1056 branc
763 970 851 1045 τοῦδ’
872 972 935 1065 ἐγώ
956 968 1138 1061 διόλλυμαι.

317 1095 440 1160 Deinde
470 1094 583 1161 Suidaa
606 1097 693 1160 affert
716 1095 843 1160 initium
871 1091 1006 1160 Aineia:

428 1201 494 1275 ’aaa
515 1208 591 1292 μέν,
614 1197 641 1273 ol
661 1213 726 1274 παῖ
743 1206 912 1295 Λαρτίου,
936 1199 1075 1294 ὀέδιιριιά
1098 1227 1137 1272 oe

426 1312 568 1410 πεῖράν
587 1313 645 1388 τιν’
666 1320 793 1408 ἐχθρῶν
814 1310 964 1408 ἁρπάσαι
986 1309 1180 1408 θηρώμεναι.

271 1458 332 1522 quo
355 1435 423 1502 soil.
446 1435 556 1523 probet
576 1439 695 1525 πεῖραν
722 1434 803 1522 apud
838 1431 1023 1521 Sophoclem
1047 1433 1203 1500 interdum
1235 1432 1407 1520 significare
1466 1503 1467 1518 χ

270 1543 403 1634 βλάβην.
440 1551 576 1630 Verum,
608 1551 866 1638 quemadmodum
897 1571 985 1616 nemo
1017 1549 1110 1615 hodie
1139 1551 1173 1616 in
1207 1549 1315 1615 Aiaois
1342 1547 1405 1614 loeo

272 1685 336 1730 eam
381 1666 581 1754 significandi
624 1673 807 1754 potestatem
853 1665 1003 1732 vocabulo
1035 1669 1136 1754 πεῖρα
1169 1665 1330 1743 tribuerit,
1363 1665 1406 1728 sio

272 1779 394 1846 Danaes
424 1783 598 1871 fragmento
636 1805 698 1848 non
728 1787 827 1871 magia
863 1783 943 1848 idem
980 1782 1184 1847 demonstrari
1219 1803 1309 1869 posse
1340 1785 1406 1844 tuto

271 1902 448 1964 statuemus.
472 1900 561 1972 Quae
591 1903 693 1964 autern
718 1901 761 1964 sit
785 1899 828 1965 ibi
864 1898 957 1965 huius
990 1897 1180 1965 substantivi
1214 1899 1263 1964 uis
1296 1896 1407 1983 optime

270 2011 482 2102 intelligemus
505 2020 684 2102 reputantes
706 2017 798 2080 uerbo
820 2038 886 2081 esse
913 2016 1033 2080 Aeriaii
1059 2015 1104 2080 ad
1125 2016 1233 2106 filiam
1259 2015 1406 2096 Durata,

266 2135 430 2216 poatqaum
465 2135 540 2196 toea
579 2131 727 2198 Peraeam
757 2133 820 2196 ιἰιιιι
848 2123 944 2198 'miae
974 2139 1038 2210 eat,
1079 2130 1161 2216 quod
1193 2129 1262 2195 luoe
1296 2127 1408 2194 elarius

271 2250 396 2332 apparet
423 2269 463 2312 ex
490 2269 577 2335 pron.
605 2241 704 2311 τοῦδ’.
738 2249 847 2314 Sumte
881 2253 955 2314 sunt
987 2248 1085 2336 igitur
1120 2269 1136 2312 e
1171 2245 1295 2333 dialogo
1328 2245 1409 2309 inter

270 2367 386 2447 patrem
407 2367 439 2428 et
455 2362 559 2428 filiam.
586 2363 647 2428 Illo
672 2363 783 2430 Perseo
809 2365 948 2430 minitari
973 2369 1103 2430 mortem
1127 2361 1294 2447 multisque
1316 2358 1409 2426 simul

269 2477 399 2544 Danaen
434 2480 593 2568 opprobiis
632 2481 804 2568 inerepare,
842 2481 925 2567 qnod
958 2480 1020 2546 vim
1049 2478 1110 2545 sibi
1143 2478 1208 2545 lieri
1239 2499 1328 2564 mssa
1358 2477 1410 2540 sit.

270 2594 356 2660 Haeo
378 2618 501 2662 narrare
516 2597 538 2662 J
539 2598 606 2662 ovis
623 2597 787 2662 artificium
798 2648 806 2678 ‚
817 2619 879 2684 quo
892 2597 939 2662 sui
953 2597 1012 2662 sibi
1027 2596 1147 2684 copiam
1160 2595 1268 2660 feeerit
1279 2599 1311 2658 et
1322 2593 1410 2658 obse·

268 2735 353 2778 orare
371 2717 500 2801 patrem,
522 2717 558 2778 nt
575 2736 613 2778 ue
633 2715 786 2778 insontem
808 2713 938 2780 filiolum
963 2713 1131 2779 interimat.
1154 2711 1253 2777 Cuius
1265 2709 1410 2798 precibus

267 2849 458 2916 nequaquam
482 2830 631 2896 delinitus
654 2831 815 2904 Acrisius.
838 2836 869 2896 et
892 2852 999 2917 parum
1023 2829 1095 2894 fidei
1119 2827 1234 2894 habens
1257 2847 1410 2892 asseuera-

266 2945 347 3011 tioni
370 2945 452 3012 filiae
475 2935 532 3010 οὐκ
555 2935 651 3031 olous
669 2947 789 3032 inquit,
810 2936 867 3031 τήν
888 2937 945 3033 orla
965 2948 1083 3032 πεῖραν
1102 2940 1164 3009 aab.
1191 2943 1310 3010 Horum
1342 2963 1412 3008 uer-

267 3061 374 3127 borum
406 3063 505 3152 igitur
536 3064 606 3150 quia
643 3085 752 3128 sensus
775 3084 841 3128 esse
864 3065 967 3148 potest
989 3065 1109 3147 praeter
1131 3058 1233 3126 huno:
1261 3061 1314 3126 Ad
1341 3067 1411 3125 atu·

261 3201 354 3264 prum
393 3182 536 3267 quomodo
565 3182 694 3246 inducta
725 3181 787 3258 aia,
821 3177 937 3242 aeaoio:
973 3177 1030 3240 aed
1049 3177 1105 3242 hoe
1127 3199 1221 3244 ιιιιιιιιι
1243 3179 1317 3242 aovi
1338 3177 1413 3242 oet?

265 3295 350 3383 Ergo
384 3295 621 3362 substantivum
655 3297 757 3382 πεῖρα
786 3293 816 3360 h.
840 3293 860 3358 l.
884 3293 1062 3380 significare
1095 3291 1185 3358 debet
1216 3282 1411 3381 διαφθορά,

266 3411 525 3499 quemadmodum
559 3399 711 3490 Ἀττικιςὶ
744 3409 872 3476 verbnm
912 3407 1029 3496 πειρᾶν
1062 3407 1144 3474 valet
1188 3403 1413 3494 διαφθείρειν.

266 3525 316 3596 01.
339 3529 489 3594 Moenia
513 3549 581 3594 roo.
604 3527 710 3613 ibique
734 3527 929 3592 Pieraonum.

309 3646 487 3713 absurdum
500 3651 602 3711 autem
614 3643 756 3731 estquod
768 3649 903 3710 vertunt:
915 3641 1417 3726 columitatemtuama’paoroeet.
1466 3621 1467 3698 ]

310 4015 587 4104 Corruptissimum
619 4015 826 4104 fragmentum
850 4037 888 4079 ex
913 4013 1104 4079 Andromeda
1128 4007 1299 4098 Sophoclea
1323 4012 1418 4098 apud

265 4129 462 4218 Hesychium
473 4133 505 4197 in
520 4155 587 4197 voc.
602 4131 753 4221 Kovplov,
766 4131 897 4210 etiamsi,
909 4131 981 4218 quia
990 4128 1203 4218 praecedentia
1216 4125 1424 4214 ignoramus,
1466 4107 1467 4200 l

265 4256 347 4314 certa
375 4249 555 4315 coniectura
580 4250 681 4314 sanari
707 4256 854 4334 nequeat,
885 4255 1072 4314 tamennon
1098 4247 1165 4311 sine
1187 4243 1427 4333 probabilitate

263 4363 548 4454 multopropiusad
561 4365 899 4455 oodioumaoripturam
907 4363 1427 4454 emendaripotestquemhuous-

1466 4503 1467 4582 l

1466 4585 1467 4628 l

1466 4693 1467 4752 l
