2932 5004
757 361 818 422 174

194 548 313 630 δροίοειν
336 546 613 618 οθντελπίσιοντας.
652 547 823 634 Aliquanto
845 546 978 622 melius,
1004 557 1038 608 ut
1051 545 1206 622 arbitror,
1225 545 1384 634 legeretur

189 671 381 760 'transposita
412 669 641 758 praepositione
674 666 887 747 οὶντιδροίσειν
916 667 1116 738 ἐλπίσαντας.
1163 665 1213 731 lb.
1240 661 1263 754 S
1289 669 1331 730 7:
1359 666 1384 728 oi

194 793 251 870 μὲν
274 789 378 872 ἄνδρες
398 789 479 855 οὐδὲν
497 793 620 868 μᾶλλον
643 787 832 864 ἐκινήθησαν.
880 786 1015 854 Dicendi
1038 809 1112 854 usus
1136 785 1274 877 postulat
1297 783 1383 851 οὐδέν

194 938 230 977 τι
255 917 378 990 μᾶλλον
386 931 394 986 ;
418 923 449 977 et
473 912 517 976 sie
539 911 691 974 Zonaram
713 909 822 999 legisse
839 910 1025 999 suspiceris,
1047 909 1130 998 apud
1154 931 1250 998 quem
1273 907 1387 972 vitiose

193 1033 340 1122 vulgatur
362 1033 438 1097 οὐδ’
464 1031 524 1095 ἐτι
549 1031 714 1104 κεκίνηντο.
751 1029 937 1119 Sequuntur
955 1030 1054 1096 haec:
1081 1025 1157 1095 οὕτω
1178 1053 1256 1100 πως
1278 1033 1385 1100 κακῶς

193 1152 394 1234 ἐστασίαζον,
425 1149 502 1216 dors
534 1151 605 1228 μηδ’
636 1151 693 1214 ὑπθ
716 1155 774 1214 τῶν
798 1149 936 1216 κινδύνων
959 1158 1216 1228 καταλλαγῆναι.
1264 1147 1386 1215 Nullus

191 1273 225 1338 iu
256 1273 316 1339 hae
347 1275 501 1339 sententia
533 1273 620 1338 loeus
652 1285 699 1337 est
730 1271 876 1336 adverbio
908 1296 973 1346 πως
997 1298 1021 1337 s.
1043 1272 1146 1360 fero,
1170 1270 1247 1336 dum
1270 1281 1387 1335 eontra

192 1395 364 1482 requiritur
400 1393 581 1459 couiuuotio
616 1391 763 1466 causalis;
796 1415 893 1481 quare
929 1393 1161 1482 rescripserim:
1195 1389 1269 1458 οὕτω
1300 1391 1387 1470 γὰρ

191 1519 292 1586 κακῶς
316 1515 380 1578 κτέ.

239 1635 313 1724 Paq.
354 1639 413 1712 19,
442 1635 486 1700 ib.
520 1633 543 1724 S
579 1641 641 1699 11:
693 1632 879 1700 Coriolanus
909 1637 1003 1722 matri
1023 1634 1134 1700 dixisse
1157 1632 1309 1698 traditur:
1337 1669 1388 1682 --

190 1755 279 1820 ἀλλὰ
304 1755 341 1820 σὺ
365 1755 421 1832 μὲν
445 1755 511 1818 καί
536 1755 604 1818 ἐντ’
625 1756 698 1833 ἐμοῦ
718 1756 773 1829 τῆν
794 1755 930 1834 πατρίδα
952 1754 1028 1836 ἔχε,
1048 1755 1152 1830 ἐπειδῆ
1171 1759 1259 1819 τοῦτο
1276 1753 1387 1830 ῆθέλη-

192 1900 268 1954 σας,
292 1876 353 1953 ἐγὼ
375 1877 406 1942 δέ
429 1874 559 1942 ἐκποδὼν
572 1877 642 1954 ὑμῖν
655 1877 942 1954 ἀπαλλαγήσομαι.
982 1877 1069 1961 Quae
1091 1875 1205 1954 rerba,
1225 1889 1388 1965 expuncta

192 1997 303 2062 rocula
331 1996 402 2074 καί,
434 1997 596 2061 sanissima
619 2008 724 2062 erunt.
775 1995 812 2060 ln
837 1995 948 2060 ultima
972 1995 1067 2061 huius
1090 1995 1228 2087 excerpti
1250 1995 1384 2085 periodo

193 2119 330 2184 scribere
352 2117 477 2183 malim:
512 2119 586 2182 αλλ’
611 2117 641 2188 ἐς
664 2118 734 2188 τοὺς
761 2115 935 2190 Οὐθλσκους
960 2119 1165 2200 ἀναχωρήσας
1189 2117 1322 2182 ἐνταῦθα
1347 2115 1386 2193 ἐξ

191 2241 359 2318 ἐπιβουλῆς
384 2239 401 2314 ῆ
426 2239 477 2302 καὶ
502 2239 552 2314 γῆ
561 2262 607 2319 ρρι
630 2237 764 2302 ἀπέθανε
786 2261 843 2327 pro
866 2263 916 2316 γη
925 2237 1070 2320 ριθσας;
1093 2261 1157 2302 non
1182 2237 1288 2315 euim,
1310 2259 1384 2303 ore-

190 2359 250 2436 do,
283 2381 377 2423 seuer
408 2358 506 2446 magis
538 2379 633 2446 quam
665 2358 785 2422 iureuis
816 2358 856 2422 ab
880 2358 1130 2424 adversariorum
1153 2357 1272 2423 insidiis
1292 2371 1384 2423 tutus

188 2492 250 2559 est3
288 2501 391 2567 neque
426 2477 489 2544 ulla
523 2491 568 2544 est
601 2480 754 2569 oppositio
787 2479 870 2544 inter
899 2477 934 2556 ἐξ
965 2480 1130 2558 ἐπιβουλῆς
1163 2491 1195 2544 et
1218 2479 1382 2560 γηροίσας,
1460 2465 1461 2468 ¹

189 2623 252 2690 quo
287 2600 451 2690 participio
487 2599 511 2663 si
547 2601 592 2664 uti
630 2599 795 2678 voluisset,
829 2599 943 2665 addere
967 2599 1125 2666 debuisset
1148 2599 1382 2664 substantivum

189 2721 273 2804 νθσῳ.

235 2841 317 2906 lbid.
352 2844 395 2905 to
426 2839 450 2928 §
482 2845 522 2906 3:
556 2837 631 2905 οὕτω
661 2847 736 2918 γοῦν
768 2843 823 2924 ὑφ’
860 2843 1002 2923 ἐκατέρου
1039 2840 1275 2922 παρωξύνθησαν
1298 2837 1382 2906 ὥστε

188 2962 241 3028 καί
273 2964 327 3036 τῆν
361 2961 441 3034 νίκην
474 2959 611 3042 ἔνορκον
645 2969 706 3034 τοῖς
740 2972 927 3042 στρατηγοῖς
961 2962 1162 3044 ὑποσχέσθαι.
1210 2961 1384 3028 Promitte-

189 3085 283 3157 bant,
317 3083 351 3147 ni
383 3081 494 3160 fallor,
530 3085 585 3158 τῆν
616 3083 698 3157 νίκην
731 3080 860 3162 ἔνορκοι
892 3106 955 3149 uon
987 3083 1137 3163 ἔνορκον,
1169 3087 1284 3148 iurati
1313 3106 1384 3150 uon

190 3211 358 3270 iuratam.
409 3205 477 3288 Qua
501 3202 540 3267 de
564 3227 658 3268 eausa
682 3205 873 3270 rescribatur
896 3206 1038 3286 ἐνόρκους.

235 3325 311 3414 Pag.
349 3327 409 3402 23,
448 3329 488 3388 25
522 3323 545 3412 §
580 3329 615 3388 3:
643 3327 698 3401 τῆν
722 3349 756 3391 τε
780 3326 882 3408 φοινῆν
905 3323 1020 3401 ξενικθν
1043 3325 1078 3390 τέ
1102 3349 1130 3391 τι
1155 3325 1207 3390 καί
1231 3326 1383 3408 Φρικῶδες

188 3445 429 3528 φθεγγομένην
461 3443 685 3521 ἐκπλαγέντες.
734 3445 804 3511 Non
832 3446 915 3511 male
940 3445 1083 3512 consulet
1107 3445 1296 3523 Graecitati,
1322 3449 1382 3533 qui

189 3567 381 3655 rescripserit
404 3564 640 3650 φθεγγομένων
665 3566 732 3631 scil.
755 3573 813 3633 τῶν
833 3567 980 3644 Γοίλλων,
1001 3565 1174 3656 dequibus
1195 3589 1296 3632 sermo
1316 3579 1379 3634 est.

234 3686 309 3775 Peg.
346 3689 409 3764 26,
447 3691 489 3752 29
526 3685 549 3776 §
584 3693 619 3752 4:
654 3685 722 3752 θέσθ’
753 3687 826 3768 ὑπὲρ
858 3685 895 3752 ὧν
926 3689 995 3759 τοὺς
1029 3687 1181 3766 πολέμους
1209 3687 1277 3768 πρὶν
1305 3687 1380 3760 τοὺς

190 3808 358 3886 μεγίστους
380 3808 556 3889 θνηροῦνπο,
583 3813 674 3872 ταῦτ’
699 3811 735 3872 ἐν
758 3809 801 3890 τῷ
824 3808 922 3891 χρόνῳ
945 3809 1118 3889 σύμπαντα
1140 3811 1179 3882 ὥς
1204 3809 1299 3874 εἰπεῖν
1322 3809 1382 3873 οὐκ

189 3927 409 4001 οέστασιοίστως
433 3927 501 4007 μέν,
524 3931 557 3994 οὐ
577 3929 678 4006 μέντοι
702 3928 771 3994 καί
795 3935 946 4010 χαλεπῶς
970 3930 1238 4004 κατακτήσασθαι.
1264 3927 1379 3994 Sermo

189 4061 237 4116 est
275 4047 313 4114 de
346 4049 477 4139 plebeiis
510 4053 637 4114 sensim
664 4051 925 4140 paullatimque
956 4049 1192 4140 acquirentibus
1222 4049 1384 4127 ίσοτιμίαν

190 4174 224 4238 in
256 4170 472 4236 Romanorum
508 4171 690 4260 republica,
727 4195 824 4261 quare
859 4171 999 4261 suspicor
1034 4169 1251 4261 reponendum
1287 4193 1378 4238 esse:

190 4298 296 4358 ταῦτα
324 4293 375 4372 τῷ
398 4317 425 4373 χ
434 4291 524 4373 ρίνῳ
549 4291 740 4372 σύμπαντα,
762 4293 822 4357 nisi
834 4294 932 4358 maris
943 4297 1047 4358 ταῦτα
1071 4293 1138 4357 σὺν
1160 4291 1288 4374 χρθνῳ
1311 4295 1384 4362 κτέ.

192 4413 230 4478 ln
255 4411 355 4478 Dione
379 4413 584 4479 offensionem
604 4437 668 4479 non
691 4413 787 4479 habet
810 4390 966 4493 σθ’μέντοι
988 4414 1053 4480 καί
1073 4427 1143 4504 post
1162 4415 1381 4504 negationem.

193 4531 322 4598 Veteres
353 4533 488 4602 scribere
519 4533 640 4614 solent,
676 4533 943 4623 quemadmodum
974 4535 1196 4626 Aristophanes
1226 4535 1313 4604 dedit
1345 4540 1386 4608 in

194 4649 305 4715 Pluto:
