2932 5004
781 317 843 380 tto

216 504 379 584 conficies,
414 503 496 594 qnod
529 516 560 569 et
589 505 655 592 ipse
684 525 792 570 aerum
821 525 887 570 esse
917 502 1071 582 arbitror,
1103 503 1276 573 Iiindorum
1300 507 1407 596 scrip·

216 625 309 690 sisse:
336 623 387 690 διύι
409 624 464 698 τὴν
486 622 709 704 βραδύτκτα
732 625 785 690 καί
808 624 1000 699 δυσκινησίαν
1024 625 1110 703 κτὲ.,
1134 625 1351 716 utilegiturv.
1368 649 1400 692 e.

215 744 271 810 lib.
306 743 432 823 XXXI,
464 745 504 810 fr.
537 748 598 811 49:
626 745 692 812 διὰ
716 746 793 828 γοὺρ
816 747 885 821 τὺιν
907 743 1153 826 βραδύτητα
1177 746 1245 812 καί
1269 747 1403 812 δυτκι·

215 865 302 940 νηοί
310 889 355 930 αν
376 863 525 933 οὑδυνατει·
546 872 691 948 ψαίραι
704 865 741 954 (ί)
769 875 824 942 τῆς
848 871 905 932 τῶν
925 866 1059 932 κυνιδίοιν
1080 866 1299 948 ἐλαφρότητος.
1326 866 1406 932 Per·

213 997 340 1074 petuam
364 1009 430 1052 esse
453 985 617 1075 utriusque
639 967 785 1054 vocabuli
807 989 841 1053 in
864 987 952 1054 libris
971 987 1188 1054 confusionem
1205 999 1317 1054 uotum
1338 1000 1399 1052 est.

445 1226 544 1294 ΑΒΝ.
574 1227 629 1294 ΑΙ)
654 1228 765 1296 utun.
794 1228 929 1296 XXXIV
955 1229 1010 1296 nt
1035 1227 1168 1294 XXXV.

257 1467 309 1532 nr.
342 1466 359 1532 l
389 1489 432 1532 as.
468 1473 508 1532 5:
544 1468 760 1548 συνεβούλευον
783 1469 866 1536 κατόν
890 1467 999 1550 κρύτοε
1024 1469 1192 1548 αίριὶσειν
1215 1468 1271 1541 τὴν
1297 1467 1400 1532 πόλιν.

209 1586 311 1676 Lege:
349 1587 473 1668 αἱρεῖν
506 1589 570 1654 κτὲ.
619 1587 666 1654 th.
704 1611 748 1654 vs.
785 1593 845 1656 19:
879 1590 1016 1663 είσῆλύεν
1046 1589 1089 1662 είς
1121 1589 1172 1656 τόν
1202 1585 1314 1654 ἄδυτον
1343 1595 1402 1654 τοῦ

208 1709 275 1773 ύεοὺ
308 1707 418 1784 σηκόν,
450 1703 492 1774 ού
514 1707 641 1787 νόμιμον
664 1707 808 1788 είσιὲναι,
833 1709 922 1798 lege:
949 1703 985 1776 οί
1005 1709 1069 1774 κτὲ.
1117 1708 1167 1776 lb.
1194 1731 1238 1775 vs.
1264 1711 1326 1776 26.
1354 1711 1401 1774 διδ

207 1829 250 1910 τῷ
280 1825 452 1908 οὑγοίλματι
486 1833 540 1894 τοὺ
564 1830 690 1896 κτίστου
713 1830 765 1896 καί
790 1831 832 1912 τῷ
857 1829 988 1912 ὑπαίθρῳ
1010 1829 1106 1912 βύμῳ
1125 1865 1171 1878 -
1189 1827 1336 1907 μεγοίλιρν
1361 1825 1398 1894 ὗν

207 1947 312 2021 όύτας.
360 1946 566 2014 Inserenduna
591 1949 677 2030 παρὰ
699 1961 769 2038 post
794 1949 847 2016 διδ.
897 1946 1015 2015 Contra
1038 1929 1110 2030 ’πρ-ος
1135 1947 1168 2014 in
1198 1947 1303 2014 Photii
1324 1971 1400 2014 ser-

206 2068 254 2134 bis
276 2068 360 2134 male
384 2067 544 2134 abundare
567 2067 690 2134 videtur
713 2070 747 2136 in
770 2069 882 2159 fragm.
909 2069 992 2136 tine:
1018 2069 1072 2144 siv
1096 2067 1259 2151 Ἀντιόχου
1283 2071 1400 2150 Φιλίαν

206 2189 321 2261 τούτοις
357 2187 687 2275 [προς]ἒπιουνοόπτυν.
735 2189 772 2256 In
804 2191 990 2279 praegressis
1021 2213 1053 2278 p.
1085 2192 1150 2256 134
1185 2213 1230 2254 vs.
1269 2193 1289 2256 3
1319 2191 1401 2256 seri·

206 2307 367 2374 bendum:
394 2309 419 2372 si
446 2308 477 2374 δὲ
496 2311 559 2386 μὺρ,
578 2311 760 2376 καταλῦσαί
784 2307 849 2397 (γε)
874 2310 917 2376 τὰ
941 2310 1073 2388 νόμιμοι,
1099 2310 1214 2376 inserta
1237 2311 1399 2400 particula

206 2453 265 2509 γε,
296 2412 385 2496 euius
407 2427 568 2496 sollemnis
591 2442 638 2497 est
660 2430 693 2496 in
717 2429 832 2498 talibus
856 2453 944 2510 usus;
971 2453 1016 2498 τε.
1043 2433 1106 2496 22:
1133 2429 1185 2496 καί
1209 2431 1396 2508 ἐπιμελείας

205 2555 366 2624 παντελῶς
396 2551 504 2629 όλίγιρο
536 2548 633 2628 ἠξίουν
663 2551 746 2634 (τοὺσ
769 2549 924 2639 δούλους),
947 2547 1004 2618 ύσα
1032 2575 1075 2618 τε
1097 2550 1311 2635 ἐντρίφεοόαι
1337 2554 1395 2620 καί

205 2667 263 2738 ὑσα
295 2671 491 2747 ίνδὺοασύαι;
521 2669 608 2759 lege:
640 2666 698 2736 ὑσα
727 2695 767 2736 τε
794 2671 959 2753 τρίφεοόαι
984 2671 1048 2738 κτὲ.
1095 2671 1145 2738 Ib.
1174 2694 1219 2740 τε.
1247 2675 1308 2739 32:
1335 2674 1394 2738 καὶ

204 2800 346 2870 πλαγαῖς
362 2791 404 2858 τόν
429 2791 534 2858 πολλοὶ
551 2790 739 2872 παραλόγως
760 2790 947 2874 ὑβριζόμενοι
969 2794 1042 2873 οὑχ
1059 2792 1217 2870 ὑπέμενον.
1238 2793 1393 2866 συνιόντες

204 2909 254 2978 οὑν
277 2913 342 2978 κτὲ.
391 2909 563 3001 Sequentia
586 2913 772 3001 requirunt:
798 2913 917 2982 οὑκέό.
967 2913 1020 2980 Vs.
1047 2917 1086 2978 2:
1113 2913 1202 2979 οὶλλὺ
1225 2914 1278 2979 καὶ
1300 2915 1398 2996 ἐγρη-

205 3032 382 3115 γορότως
431 3033 513 3107 όεοὺς
559 3033 629 3115 όρᾶν
676 3034 860 3116 ὑπεκρίνετο.
919 3034 1022 3100 Immo
1062 3056 1135 3100 sero
1171 3036 1393 3116 ε’γριργορύς.

205 3155 255 3222 lb.
274 3177 319 3222 νε.
334 3159 352 3219 ’1
367 3155 497 3245 supple:
520 3163 699 3222 ussaunein
725 3155 781 3245 (st)
801 3155 850 3222 διὺ
869 3157 935 3222 κτὲ.
962 3129 1089 3245 Bupiici
1103 3156 1230 3222 nomine
1242 3155 1396 3224 mendosa

141 3322 147 3334 »
206 3289 279 3343 sunt
306 3275 415 3343 uerba:
452 3278 465 3341 ὑ
494 3277 551 3355 μὲν
582 3277 761 3356 Ἀντιγόνης
789 3276 1084 3359 ψυχαγωγούμενος
1111 3277 1160 3342 ε’πί
1185 3287 1224 3360 τῇ
1247 3279 1397 3362 τερατεία

205 3405 363 3481 παρῆγε
393 3397 460 3462 τδν
483 3399 596 3464 Εύιονν
618 3397 661 3471 είς
684 3397 728 3464 τόο
753 3396 926 3464 σύνδειπνα.
974 3397 1056 3462 Nam
1087 3398 1250 3487 proprium
1273 3395 1334 3464 hae
1358 3399 1395 3464 in

207 3543 240 3587 re
284 3519 412 3586 verbum
456 3541 522 3586 esse
556 3515 758 3601 περιοίγεούοιι
800 3519 862 3586 iam
893 3542 987 3608 supra
1020 3522 1212 3586 monuimus.
1263 3517 1312 3585 cf.
1350 3519 1394 3585 fr.

207 3641 285 3708 VIII
297 3663 341 3708 vs.
357 3645 400 3708 34
412 3651 443 3706 et
455 3639 511 3707 lib.
526 3639 561 3719 Ι,
582 3662 610 3708 e.
628 3642 679 3706 19.
713 3637 922 3706 scribendum
946 3641 1060 3730 igitur:
1088 3642 1300 3724 περιήγετο
1323 3640 1397 3705 τὸν
1454 3663 1455 3689 ι

206 3761 318 3828 Εύνουν
360 3762 403 3833 είς
442 3761 486 3826 τόο
520 3760 683 3828 σύνδειπνα
718 3761 740 3826 i.
777 3783 806 3828 e.
844 3783 956 3826 seeum
991 3761 1136 3826 ducebat
1170 3760 1308 3828 Eunum
1342 3763 1401 3824 ad

206 3886 375 3947 convivia.
414 3881 502 3966 Quae
524 3880 642 3949 ibidem
661 3881 810 3972 leguntur
829 3883 862 3946 in
882 3880 1062 3972 parenthesi
1082 3880 1193 3970 supple
1213 3881 1274 3946 sie:
1301 3885 1397 3946 τοῦτο

205 4003 269 4083 γύρ
302 3996 362 4090 (ἦν)
393 3999 487 4079 ὄνομα
516 4003 559 4082 τῷ
583 4004 720 4086 τερατίρι.
769 4003 823 4068 Vs.
850 4006 891 4068 27
917 4003 1006 4092 iege:
1033 4003 1089 4078 τίον
1111 4002 1182 4080 μὲν
1205 4003 1309 4068 οὑοίοιν
1331 4027 1397 4079 με·

204 4123 421 4204 γαλόπλουτος
452 4145 509 4212 pro
536 4125 591 4199 τὺν
619 4124 645 4188 δ’
673 4125 777 4192 ούοίαν
810 4125 874 4190 κτὲ.
922 4123 971 4192 lh.
1005 4147 1038 4214 p.
1070 4127 1133 4192 136
1161 4149 1168 4189 :
1200 4128 1237 4188 l:
1270 4124 1312 4196 είς
1338 4127 1398 4200 τὴν

201 4250 316 4313 Ἔνναν
335 4227 397 4319 τὴν
417 4243 506 4310 πόλιν
525 4247 752 4322 εἰσπίπτουσιν,
773 4245 959 4312 alterutrum
980 4242 1120 4312 abundet
1140 4245 1189 4312 vel
1205 4245 1260 4318 τὺιν
1276 4248 1398 4312 Ἔνναν

206 4367 255 4432 vel
283 4367 338 4442 τὺρν
366 4364 472 4445 πόλιν,
504 4368 656 4455 posterius
684 4379 790 4434 tamen
819 4389 997 4456 expungere
1028 4365 1147 4430 malim.
1196 4365 1244 4430 th.
1275 4389 1319 4430 vs.
1348 4370 1394 4430 6:

208 4487 250 4557 είο
281 4485 312 4550 δύ
345 4487 404 4560 τὺο
435 4495 587 4566 γυναῖκας
623 4487 685 4555 οὐδ’
718 4487 799 4554 ἔστιν
823 4489 919 4554 εἰπεῖν
943 4486 994 4552 καί
1019 4486 1106 4552 τότε
1131 4485 1310 4566 βλεπόντων
1333 4509 1400 4550 τιον

208 4602 333 4683 ἀνδρῶν,
368 4605 424 4674 όοα
460 4608 611 4689 ἐνύβριζόν
644 4633 678 4674 τε
710 4609 762 4676 καί
796 4608 1028 4688 ἐννοέλγαινον,
1071 4610 1249 4698 importune
1284 4619 1331 4672 est
1358 4621 1393 4674 et
1451 4689 1452 4700 ἵ
