2944 5002
518 1223 887 1320 INTRODUOTIO.

625 1523 801 1546 —uwmm-

596 1551 611 1588 b

156 1746 313 1814 criticum
336 1761 400 1826 est,
427 1762 462 1816 ut
485 1749 723 1840 inspicientibus
747 1764 858 1840 sponte
881 1749 1061 1839 apparebit,
1087 1749 1181 1816 huius
1199 1751 1301 1818 libelli

109 1883 348 1960 egumenum
382 1870 414 1936 id
438 1893 511 1938 rero
535 1870 656 1960 duplici
679 1872 819 1937 nomina:
846 1873 962 1960 partim
985 1872 1071 1937 enirn
1094 1871 1133 1936 ad
1157 1873 1299 1938 criticam

107 1989 348 2081 diplomaticam
384 2013 481 2082 qnam
512 2005 645 2071 vocent,
670 1993 787 2083 partim
810 1992 850 2058 ad
875 1993 1120 2058 coniecturalem
1144 1995 1295 2082 pertinet;

109 2133 192 2201 qnae
228 2113 321 2178 ambo
354 2114 482 2179 criticae
514 2113 588 2178 artis
619 2114 741 2203 capita,
774 2114 799 2178 si
833 2125 989 2203 quantum
1013 2115 1080 2179 eius
1104 2114 1173 2181 fieri
1195 2129 1299 2205 posset

108 2235 277 2324 separatim
306 2247 497 2313 tractarem,
526 2234 640 2300 melius
670 2257 722 2300 me
749 2235 969 2301 consulturum
992 2259 1058 2302 esse
1081 2237 1190 2326 putari
1212 2237 1298 2304 facili

108 2375 146 2419 ae
166 2355 333 2420 commodo
351 2357 536 2446 conspectui
551 2377 681 2434 eorum,
701 2378 783 2445 (puae
802 2357 924 2447 publici
936 2359 1012 2424 iuris
1024 2357 1294 2438 lacrumarum,

108 2497 206 2564 quem
230 2479 254 2542 si
278 2477 393 2543 codicis
417 2477 610 2568 palimpsesti
633 2477 784 2546 lectiones
807 2479 890 2545 inter
910 2479 1149 2545 adnotationum
1169 2481 1294 2546 coniec-

108 2597 260 2662 caralim
287 2597 478 2688 famffinem
502 2599 695 2665 occultarent
718 2612 749 2664 et
768 2601 859 2689 qussi
882 2601 1058 2690 sepelirem.
1109 2601 1178 2686 Qua
1202 2623 1295 2666 causa

107 2729 212 2782 motus
242 2720 287 2784 sic
318 2739 410 2808 apere
441 2741 569 2785 mecum
601 2721 751 2786 constitui
774 2734 828 2800 ut,
853 2744 949 2810 quern
973 2721 1116 2786 ordinem
1136 2721 1237 2786 Maius
1260 2723 1294 2786 in

107 2839 297 2928 scriptorum
327 2853 471 2907 veterum
503 2863 583 2906 nora
611 2841 799 2908 collectione
823 2855 950 2908 secutus
974 2855 1040 2920 est,
1065 2841 1152 2908 hunc
1175 2843 1293 2932 etipse

107 2979 241 3047 sequens
278 2961 426 3052 deinceps
461 2962 692 3029 observationes
727 2985 934 3052 proponerem
966 2965 999 3028 in
1029 2963 1206 3052 fragmenta
1236 2963 1293 3030 lli-

107 3079 198 3146 odori
220 3082 330 3160 siculi,
355 3081 464 3148 Illonis
485 3081 603 3162 Cassii,
619 3082 795 3171 Anonymi,
818 3085 873 3172 qui
886 3085 1081 3148 continuarit
1093 3083 1203 3148 Illonis
1223 3084 1293 3150 His·

108 3203 221 3267 teriam
252 3223 353 3292 usque
381 3203 420 3268 ad
446 3201 689 3269 Constantinum
713 3206 952 3294 imperatorem,
979 3205 1131 3294 Eunapii,
1161 3205 1293 3296 Dexippi

109 3335 141 3387 et
165 3322 348 3404 Menandri,
373 3325 577 3413 praemittens
599 3325 728 3414 singulis
749 3348 827 3413 quos
847 3337 1037 3390 tractaturus
1049 3348 1148 3392 essem
1161 3326 1292 3414 scripto·

110 3443 194 3508 ribus
218 3443 380 3534 dispositas
404 3444 514 3510 ordine
536 3445 707 3522 lectiones,
732 3469 808 3534 quas
828 3445 1047 3536 palimpsestus
1068 3445 1199 3538 collatus
1219 3467 1294 3512 cum

110 3563 245 3630 editione
268 3565 314 3630 tt.
337 3565 417 3631 mihi
436 3579 491 3632 aut
516 3565 671 3646 exhibuit3
700 3579 754 3630 aut
781 3566 847 3653 (id,
873 3567 958 3656 quod
982 3566 1149 3655 diligenter
1172 3565 1292 3655 ubique

108 3683 312 3750 indicandum
334 3709 399 3752 esse
422 3686 531 3774 duri,)
554 3687 664 3752 saltem
689 3687 835 3752 exhibere
855 3685 1030 3750 ridebatur.
1083 3686 1166 3770 Quas
1186 3699 1294 3752 autem

107 3803 160 3870 bic
185 3805 252 3871 illic
276 3807 432 3872 intereas
456 3797 607 3874 lectiones
630 3807 803 3897 interposui
828 3805 1062 3872 emendationes
1085 3829 1210 3895 prorsus
1234 3831 1292 3874 ne-

107 3927 268 4003 cessarias,
298 3951 369 4006 eas,
395 3929 537 4016 quamvis
560 3929 712 4017 plurimas
736 3928 800 3992 iam
823 3927 920 3992 factas
945 3926 984 3990 ab
1009 3927 1098 4004 aliis,
1123 3928 1292 3993 nonnullas

1 4101 2 4118 ,
106 4068 232 4136 quoqne
261 4049 325 4113 ianr
357 4062 499 4138 receptas
530 4049 564 4114 in
595 4061 714 4114 textum
748 4059 855 4138 postea
888 4047 1046 4125 intellexi,
1083 4059 1189 4113 tamen
1220 4049 1290 4113 ideo

1 4365 3 4420 l

105 4167 229 4233 silentio
252 4191 395 4258 premere
419 4171 526 4248 nolui,
552 4170 626 4258 quie
658 4167 849 4234 conferendo
873 4167 974 4233 codici
1002 4169 1141 4233 intentus
1161 4168 1193 4232 id
1212 4192 1290 4234 sem·

105 4311 161 4378 per
179 4291 331 4379 agebam,
357 4304 392 4356 ut
404 4292 542 4381 primurn
554 4291 757 4381 indagarem,
779 4314 818 4354 an
838 4289 1011 4356 lectionum
1028 4303 1186 4367 monstra,
1209 4311 1291 4377 quae

105 4432 200 4498 quarn
232 4411 369 4500 plurima
402 4411 499 4478 habet
530 4413 574 4479 M.
608 4412 725 4490 editio,
759 4433 866 4477 revera
897 4411 941 4475 ita
974 4411 1006 4475 in
1036 4410 1142 4474 codice
1165 4424 1291 4476 exarata

1 4605 2 4608 Ἴ
101 4544 221 4610 essent;
256 4531 390 4610 deinde,
420 4533 521 4600 sicubi
553 4534 649 4623 ipsius
673 4533 747 4598 libri
770 4532 975 4621 manuscripti
998 4530 1180 4594 manifestus
1204 4555 1291 4598 error

102 4664 269 4744 appareret
293 4653 492 4722 sollemnium
518 4655 717 4744 quorundam
741 4653 834 4720 huius
855 4653 974 4719 scribac
994 4650 1195 4733 σφαλμάτων
1215 4674 1289 4739 cog-

1050 4775 1062 4824 l
