2944 5002
13 527 14 596 ξ
104 545 165 614 est,
194 531 281 600 ande
314 533 370 612 lit,
404 548 439 600 ut
466 537 588 626 saepius
611 535 690 603 bcco
713 547 858 626 excerpta
882 535 944 600 sint
965 533 1152 604 difficillima
1176 535 1215 600 ad
1239 536 1287 601 in-

107 653 317 746 telligeudnrn.

145 775 301 844 Goulusae
325 789 418 855 sunt,
443 789 479 842 ut
502 776 578 842 alibi
601 778 802 868 saepissime,
826 779 1072 868 praepositiones
1095 780 1139 853 είς
1162 790 1195 844 et
1214 778 1287 860 πρὸς

104 901 133 964 in
162 898 200 964 ir.
235 897 296 964 XX
330 921 374 964 rs.
401 903 441 978 7,
467 897 523 963 ubi
547 899 704 989 corrigas:
730 901 786 975 ris
809 899 1075 982 προγεγενημένην
1098 899 1195 981 πρὸς
1218 905 1287 964 'Ao-

13 1077 15 1110 p
104 1019 202 1100 τίσχσν
229 1057 277 1069 -
307 1020 498 1101 συμμαχίαν
536 1020 716 1087 ἀνανεωσθ
723 1045 853 1100 μενοι,
893 1043 967 1088 uam
995 1021 1130 1112 pessime
1160 1019 1286 1086 editur:

104 1141 152 1216 σίμ
183 1179 230 1189 -
264 1140 325 1213 εἰς
357 1140 519 1222 Ἀντίοχον
548 1175 594 1190 -·
623 1142 906 1222 ἀνανεούμενοι.
960 1143 999 1208 Ιιι
1029 1142 1168 1232 excerpti
1197 1143 1288 1207 initio

107 1283 174 1326 cum
204 1259 371 1326 Dindorlio
402 1261 622 1328 scribendum:
657 1273 712 1339 τῆς
741 1273 838 1340 κοινῆς
862 1264 983 1331 συνόδου
1005 1303 1051 1316 -
1074 1262 1289 1340 συνελθούσης,

13 1385 14 1410 ³
104 1382 312 1462 εἰσήχθησαν
342 1385 368 1448 σί
399 1389 459 1448 τῶν
486 1384 642 1462 Ῥωμαίων
671 1383 836 1465 πρέσβεις,
873 1405 948 1450 nam
978 1407 1072 1452 sensu
1094 1397 1180 1451 caret
1204 1382 1289 1474 qnod

104 1502 248 1592 vulgatur
277 1504 505 1586 συνήχθησαν,
537 1505 626 1570 onius
649 1505 737 1572 verbi
759 1507 948 1596 praepositio
972 1506 1084 1572 sitium
1108 1507 1289 1596 concepisse

13 1609 15 1652 ÷
103 1623 224 1690 ridetur
256 1647 275 1690 e
307 1623 463 1690 vocabulo
497 1625 717 1714 praecedente.
774 1626 897 1692 lbidem
931 1651 977 1692 rs.
1011 1631 1055 1693 36
1087 1628 1285 1716 scripserim:

101 1745 350 1826 δυσαρεστεῖσθαι
373 1755 412 1828 τῇ
436 1752 630 1829 τάντειχῶν
653 1747 840 1829 καθαιρέσει,
866 1743 900 1820 ἀν
924 1749 1114 1824 ἐποιήσατο
1136 1751 1177 1814 τὸ
1196 1746 1290 1812 κοινὸν

101 1873 158 1932 τάν
176 1869 316 1950 Ἀχαιῶν
328 1889 386 1956 pro
398 1857 432 1940 ris
451 1867 588 1944 ἐποίησε
608 1869 651 1933 rb
671 1869 764 1935 κοινὸν
780 1871 863 1947 κτὲ.,
883 1891 964 1959 qnae
986 1869 1105 1935 Graeca
1121 1889 1186 1932 non
1202 1881 1287 1934 sunt.

145 1988 201 2053 rr.
238 1987 314 2053 XXI
344 1986 480 2076 (XVIII)
506 2011 552 2053 rs.
581 1993 633 2054 17.
682 1989 908 2079 Philopoemen
931 1969 1049 2054 dicitnr
1071 1988 1122 2054 έπί
1149 1987 1208 2076 (δέ)
1234 1997 1290 2064 τῆς

13 2193 14 2202 ¹
102 2113 155 2174 τοῦ
180 2109 252 2188 βίου
271 2114 493 2191 καταστροφῆς
512 2111 666 2189 ἀγνώμονι
686 2109 771 2193 τύχη
792 2110 1141 2192 σνγκεχρημένος.
1177 2109 1290 2176 illelius

99 2239 187 2294 certe
198 2228 357 2318 legeretur
368 2229 572 2311 κεχρημένος,
589 2229 643 2295 sed
655 2231 784 2296 fortasse
795 2231 876 2296 nihil
887 2229 1094 2310 mutandum,
1108 2251 1182 2296 nam
1196 2229 1291 2319 Poly-

100 2349 211 2428 bium,
233 2349 318 2416 unde
338 2349 537 2416 hauddubie
556 2349 643 2417 huno
661 2351 767 2418 locum
790 2365 954 2418 mutuatus
976 2364 1043 2430 est,
1065 2351 1240 2418 Diodorum
1252 2351 1292 2418 ad

100 2469 234 2536 rerbum
246 2469 444 2560 descripsisse
456 2472 607 2562 suspicor.
633 2471 797 2551 Illerero,
818 2472 946 2553 utlooi,
973 2495 1050 2562 qnos
1063 2472 1292 2563 Schweighae-

99 2613 189 2658 rerns
211 2591 245 2656 in
269 2591 369 2656 lexico
381 2590 508 2671 laudat,
533 2591 703 2672 evincunt,
728 2595 829 2658 utitur
841 2594 983 2682 quamvis
1002 2595 1138 2682 pessimo
1159 2592 1291 2659 oonsilio

13 2753 14 2762 2
99 2715 200 2780 verbo
230 2713 403 2804 composito
434 2736 560 2803 prorsus
583 2714 695 2780 eodem
719 2737 832 2794 seusu,
859 2737 922 2804 quo
946 2714 1093 2805 simplici.
1142 2711 1293 2780 Ceterum

99 2835 262 2901 lbodoreo
281 2832 439 2900 scribendi
458 2835 539 2899 mori
557 2835 656 2924 magis
677 2837 874 2901 conveniret:
901 2837 1054 2915 ἀγνώμονι
1074 2834 1160 2917 τύχη
1186 2857 1292 2901 συνε-

97 2955 317 3039 σχημέυος.
354 2954 450 3020 Poeta
464 2953 587 3020 Atticus
600 2953 674 3020 dare
687 2955 839 3044 potuisset
862 2955 1207 3036 συγκεκραμίνσς.
1234 2954 1295 3023 So-

94 3077 230 3167 phocles
259 3075 292 3140 in
322 3075 431 3164 Antig.
467 3079 553 3140 1295
588 3076 710 3166 scripsit
735 3099 763 3142 r.
790 3097 842 3141 c.:
869 3076 992 3161 δειλαία
1015 3077 1294 3160 συγκέκραμαι

97 3197 167 3280 ἔθη,
191 3197 234 3262 cl.
259 3195 354 3262 eund.
380 3196 414 3260 in
441 3195 528 3262 biae.
551 3199 631 3263 895.
665 3195 768 3262 Notus
790 3207 838 3262 est
860 3215 970 3264 versus
995 3195 1241 3287 Aristophaneus
1261 3198 1295 3263 in

97 3319 187 3384 Plut.
228 3321 312 3384 853:
349 3314 427 3382 οὕτω
461 3315 623 3400 πολυφθρῳ
658 3317 941 3399 συγκέκραμαι
986 3316 1115 3397 δαίμονι.
1176 3318 1295 3384 Verum

13 3525 14 3528 Ἴ
96 3439 203 3517 baec,
241 3459 323 3527 quae
357 3439 455 3504 animi
489 3461 582 3504 causa
614 3437 780 3529 adscripsi,
824 3438 906 3504 nihil
948 3437 987 3504 ed
1021 3437 1215 3517 Diodorum,
1255 3437 1295 3503 ad

94 3581 199 3650 quem
228 3559 394 3625 redeamus
420 3557 618 3626 laborantem
648 3561 682 3625 in
713 3559 753 3624 ir.
778 3559 891 3655 llell
915 3559 1023 3649 (XX):
1049 3557 1095 3624 θτι
1120 3559 1134 3624 ὁ
1159 3559 1294 3626 Σκιπίων

92 3683 187 3748 κατά
219 3680 447 3762 πέμ-Ἰβηρίαν
474 3682 668 3755 ἀνελπίστως
696 3681 861 3764 ἐχρήσατο.
910 3678 1054 3747 Scribere
1085 3681 1183 3770 possis
1206 3682 1296 3748 ἀνελ-

91 3803 221 3876 πίστως
252 3801 410 3883 ἐχρήσατο
440 3809 503 3876 τοῖς
535 3801 703 3883 πράγμασι
728 3802 777 3868 rel
800 3801 977 3884 ἀνελπίστῳ
1000 3802 1136 3887 εὐτυχία
1160 3825 1187 3870 s.
1211 3801 1297 3887 τύχη

13 3979 14 3992 ,
94 3927 259 4013 (quorum
291 3921 440 3988 ultimum
470 3923 591 4012 placuit
623 3922 846 4013 Wesselingio)
875 3922 1049 4004 έχριίσατο,
1078 3945 1188 3990 rerum
1215 3923 1296 3990 nibil

13 4009 16 4170 l
92 4045 220 4110 borum
254 4065 355 4132 ecque
386 4044 550 4133 probabile
586 4055 650 4124 est,
683 4058 779 4135 atque
813 4043 847 4110 id
881 4043 967 4134 quod
995 4045 1116 4134 primus
1151 4044 1296 4112 lleialsins

13 4179 14 4186 ’
94 4163 325 4256 reponendum
361 4185 427 4230 esse
463 4165 558 4231 sidit:
592 4163 637 4233 i'rr
665 4167 679 4231 ὃ
703 4167 837 4233 Σκιπίων
863 4173 948 4240 τοῖς
973 4166 1058 4232 κατὰ
1081 4168 1135 4243 etp
1158 4165 1294 4247 Ἰβηρίαν

88 4285 299 4357 ἀνελπίστως
329 4285 495 4366 ἐχρήσατο.
546 4285 691 4353 Eundem
718 4300 750 4354 et
773 4287 910 4376 reliquos
933 4287 1015 4352 viros
1038 4285 1146 4352 doctos
1166 4283 1294 4350 latuisse

13 4385 14 4428 3
88 4408 229 4476 ridetur
263 4407 462 4497 corruptele,
496 4431 592 4498 quam
622 4431 711 4498 passa
734 4421 808 4475 sunt
830 4408 925 4475 rerba
947 4409 1129 4499 sequentia:
1155 4404 1207 4469 τὸν
1230 4406 1294 4488 γάρ

86 4531 259 4606 ἀήττητον
288 4526 435 4608 Ἀννίβαν
460 4527 511 4593 διά
534 4537 589 4603 τῆς
614 4530 782 4606 ἐπινοίας
808 4529 984 4609 tetresse
1007 4527 1081 4594 ἀνευ
1103 4523 1215 4608 mclxv?
1239 4528 1291 4593 καί

86 4651 243 4718 κινδύνων
263 4647 299 4724 ἐξ
318 4649 457 4722 Ἰταλίας
483 4649 667 4731 ἐκχωρῆσαι.
