2968 5014
799 400 839 459 38

248 595 301 638 rus
317 573 368 658 (fr.
386 571 482 654 227),
506 571 619 655 quibus
643 572 720 636 adde
745 573 883 636 Nauckii
914 572 966 658 (fr.
991 571 1070 659 230)
1092 572 1326 660 coniecturam,
1350 565 1389 662 ἧς

250 686 346 772 γαίας
368 687 530 773 legendum
565 709 631 752 esse
657 689 806 774 putantis.
839 685 978 752 Accedat
1001 687 1125 754 tandem
1150 687 1223 753 haec
1250 711 1329 767 mea,
1353 691 1386 752 in

251 805 498 868 EYICTAIHO
514 803 607 867 latera
629 803 876 867 EYOTAAHU
893 809 924 867 et
947 823 1072 868 manum
1097 803 1295 891 Euripidcam
1320 826 1389 870 csse

253 915 346 981 hanc:
673 938 694 954 ¹·
731 943 735 954 ·

408 1030 530 1096 Νείλου
549 1023 653 1096 λιπών
671 1013 820 1110 κοίίίιςον
841 1023 1007 1118 εὖςαίὴς
1028 1023 1118 1121 ὕδωρ
1139 1029 1203 1098 nri.

254 1142 306 1207 Vs.
324 1151 342 1208 5
361 1165 416 1230 pro
437 1133 731 1230 τεθοιππεύοντος,
754 1151 901 1231 quaeest
935 1145 1079 1212 codicum
1113 1147 1280 1234 scriptura,
1305 1149 1392 1210 rects

253 1259 449 1324 emendatum
463 1259 585 1323 videtur
604 1251 762 1348 rs'dprrm'
781 1255 925 1343 ἔχοντος,
949 1262 1003 1327 sed
1016 1261 1097 1347 qnod
1117 1263 1149 1327 in
1173 1263 1234 1328 fine
1250 1285 1294 1326 rs.
1310 1261 1392 1348 Iegi-

255 1379 307 1438 tur
337 1369 419 1438 nard
440 1364 542 1455 χθόνα
569 1395 631 1438 non
660 1375 758 1461 magis
785 1397 891 1440 sanum
920 1399 984 1442 csse
1011 1377 1145 1444 arbitror
1167 1396 1274 1464 quam,
1305 1375 1393 1462 quod

255 1488 346 1554 habet
366 1489 525 1566 Tiberius,
546 1483 616 1555 κατ’
637 1487 765 1576 αἰθέρα.
794 1491 863 1556 Nec
885 1498 987 1557 tamen
1012 1491 1117 1573 habeo,
1133 1494 1215 1578 quod
1234 1513 1395 1579 reponam.

750 1694 902 1710 u

300 1838 378 1902 Stob
402 1837 536 1916 XXIX,
560 1837 787 1905 lassescens
812 1838 925 1904 fabula.

465 1943 529 2019 Οὐκ
552 1946 618 2032 ἔςιν
640 1943 712 2030 ὅςῑέ
731 1943 837 2038 vidtur
857 1951 961 2034 ζητῶν
979 1953 1074 2036 βιοῦν

463 2055 607 2130 εὔκλειαν
629 2055 695 2127 εἶτ’
717 2055 889 2150 ἐκτήσατ’
910 2055 994 2130 ἀλλά
1014 2057 1076 2152 χρῆ
1096 2069 1215 2130 πονεῖν.

302 2179 419 2265 Scripsi
443 2169 500 2242 εἶτ’
520 2167 664 2266 ἐκτήσατ’
686 2199 740 2264 pro
763 2177 890 2265 vulgate
914 2179 1068 2266 scriptura
1091 2167 1294 2267 sicmriucr',
1314 2199 1398 2264 quae
1479 2167 1480 2228 Ϊ

258 2293 351 2361 nihili
374 2299 435 2370 τεὴ
457 2294 491 2357 in
523 2313 614 2378 quam
638 2293 849 2359 coniecturam
879 2294 1060 2360 Nauckium
1088 2312 1212 2380 qnoque
1242 2293 1399 2359 incidisse
1479 2287 1480 2318 n

259 2408 357 2476 video.
382 2408 473 2476 Nihil
487 2416 596 2474 rumam
620 2411 811 2494 frequentius
831 2416 878 2476 est
898 2429 988 2496 quam
1013 2403 1083 2476 τίνα
1105 2411 1158 2475 sic.
1172 2415 1242 2496 post
1265 2409 1399 2495 partici-

259 2531 345 2615 pium
357 2526 489 2602 illatum,
506 2535 539 2590 et
558 2527 600 2588 tn·
615 2525 663 2589 hIs
678 2526 757 2612 ipsis
778 2527 959 2613 fragmentis
980 2526 1095 2591 sffstinr
1107 2531 1155 2590 est
1175 2523 1399 2610 exemplorum.

260 2643 323 2709 Sic.
355 2665 381 2705 v.
414 2664 439 2706 c.
466 2641 551 2706 Stob.
572 2641 640 2718 IX,
664 2641 695 2705 in
719 2642 796 2706 Inus
825 2642 935 2728 fragm.
955 2663 999 2706 vs.
1027 2642 1064 2706 3:

413 2747 488 2842 μηδ’
510 2747 556 2828 ὡς
576 2747 673 2829 κακός
692 2745 869 2842 ναύκληρος
890 2741 927 2819 εὖ
948 2743 1078 2842 πράξας
1097 2753 1180 2819 ποτὲ

414 2865 433 2944 ζ
439 2867 534 2954 putris
555 2859 595 2931 τοὶ
617 2857 739 2932 πλείον’
759 2857 845 2930 siaa
866 2857 960 2931 πάντ’
981 2855 1159 2931 ἀπώλεσεν.

258 2986 298 3048 cI.
320 2981 406 3046 stab.
431 2980 593 3056 LXXIII,
619 2984 659 3044 al
681 2987 715 3044 et
737 2980 815 3044 Suid
838 3001 868 3045 v.
891 2968 1002 3053 Αὐτός
1022 3001 1064 3043 τι.

300 3097 500 3162 Praefereuda
529 3097 646 3183 igitur,
669 3097 743 3182 quia
765 3094 880 3171 lenior,
904 3092 979 3157 haec
1005 3089 1159 3156 medIcr'na
1182 3089 1305 3156 videtur
1329 3091 1404 3170 illi,
1478 3105 1479 3178 ί

255 3238 345 3303 quam
359 3214 549 3299 excogitavit
562 3213 696 3278 Oobctus
709 3233 736 3277 ν.
751 3211 789 3276 cl.
803 3212 918 3276 Mncm.
930 3207 980 3274 IX
999 3231 1027 3295 p.
1042 3211 1121 3284 119,
1145 3205 1197 3270 ubi
1210 3205 1257 3269 sic
1269 3202 1404 3272 scribit:
1478 3185 1479 3270 ί

255 3336 421 3415 Supererat
456 3333 484 3392 E
490 3328 626 3391 ΡΜ
647 3332 876 3404 ΕΚΤΗΣΑΤ,
911 3327 993 3411 quod
1018 3325 1116 3388 stulte
1138 3321 1273 3404 expleuit
1299 3327 1406 3388 θνατ-

256 3449 353 3513 culus.
390 3443 610 3508 Admonuimus
632 3442 695 3506 u'um
718 3449 791 3504 cute
813 3429 963 3518 εὐδοξίαν
985 3425 1131 3526 ἐκτήσατ’
1152 3455 1219 3500 esse
1249 3439 1347 3521 suppl
1392 3477 1408 3488 -

257 3565 337 3627 dum.
358 3557 535 3622 Videndum
558 3563 681 3632 tamen,
709 3577 748 3620 ne
773 3556 816 3619 sit
838 3551 1044 3640 periculosius
1067 3551 1164 3616 eidem
1189 3551 1307 3616 homini
1333 3575 1408 3619 eam

257 3679 394 3744 tribucre
416 3673 619 3760 imperitiam,
644 3677 680 3736 ut
694 3669 807 3735 stolide
831 3669 930 3756 fingat
952 3667 1086 3744 verbum,
1102 3667 1192 3752 quale
1205 3671 1251 3731 est
1272 3659 1410 3755 εἰσκτὴ.

260 3798 391 3872 σασθαι,
412 3801 442 3855 ct
461 3789 553 3855 sirnul
586 3789 661 3852 satis
691 3786 861 3862 acuminis,
893 3789 931 3848 nt
958 3782 1155 3858 vccabulum,
1180 3782 1304 3867 quoda
1328 3805 1410 3848 sen·

259 3909 357 3972 tentia
380 3907 562 3992 requiratur,
587 3925 622 3967 ex
647 3903 773 3989 ingenio
797 3899 895 3986 possit
919 3897 1061 3984 supplere
1084 3897 1177 3982 idque
1200 3897 1279 3976 tale,
1303 3899 1410 3982 quate

259 3997 457 4100 ονοείίκίεια,
472 4019 626 4110 poeticum
640 4013 1030 4105 etprcrsusIIuripidcum.
1055 4013 1166 4080 Utitur
1190 4033 1219 4078 ν.
1243 4035 1269 4077 c.
1292 4021 1412 4080 noster
1477 4055 1478 4060 κ

260 4158 295 4204 so
328 4137 522 4202 substantivo
547 4137 579 4199 in
612 4130 765 4198 sententia
796 4132 886 4218 plane
918 4130 1020 4195 eudem
1053 4131 1086 4193 in
1121 4129 1317 4194 Anmomedu
1359 4153 1414 4218 ap.

262 4255 348 4320 Stob.
372 4251 454 4318 Flcr.
477 4251 611 4327 XXIX,
637 4253 696 4314 30:

448 4360 592 4431 εὔκλειαν
612 4361 728 4446 ἔλαβον
744 4356 800 4428 οὐκ
820 4355 894 4426 ἄνευ
916 4359 1045 4425 πολλῶν
1064 4354 1178 4422 πόντον.
