2990 5012
688 455 728 523 19

140 653 973 716 ΠΑΤΑΞΑΙΤΟΥΜΟΝΕΝΔΟΥΝΑΙΛἈΡΑ
999 666 1057 734 pro

141 765 968 832 ΠΑΤΑΞΑΙΘΓΜΟΝΕΝΔΕΙΝΩΙΠΑΡΑ

144 871 187 940 Cl.
213 895 257 940 vs.
285 879 368 940 latl
395 887 427 942 et
453 878 549 941 1345.
596 873 672 942 Oed.
699 875 735 941 R.
761 879 835 941 263.

187 986 332 1056 Graviter
354 989 475 1058 lallitur
497 989 632 1080 Seyllert
656 999 773 1078 putans
798 1010 833 1058 se
855 989 962 1058 locum
986 990 1167 1058 correxisse
1189 991 1268 1059 scri-

141 1102 248 1170 bendo
273 1108 315 1173 ‘lv
348 1109 455 1174 ῦιιιοο
488 1109 583 1190 πέρα,
618 1104 705 1193 quod
729 1104 861 1172 minime
885 1104 1070 1174 defenditur
1093 1105 1197 1174 iliacis
1221 1128 1266 1174 vs.

144 1219 231 1286 1340
253 1221 300 1286 ’ἐπ’
325 1222 418 1303 παῦρ’
439 1229 573 1306 ἄριστον
599 1218 708 1288 aliisve
733 1219 826 1298 locis
853 1241 935 1307 quos
959 1219 1002 1288 ibi
1028 1220 1191 1309 congessit
1209 1221 1268 1290 Lo-

142 1331 232 1399 becl.
282 1332 447 1400 Praeterea
481 1332 601 1400 nemini
634 1333 723 1402 facile
753 1333 801 1400 vir
832 1333 983 1422 egregius
1009 1335 1157 1424 probabit
1185 1345 1266 1426 »ἄτῃ

142 1453 288 1528 πατάξαι
314 1454 419 1532 tepor
445 1457 508 1515 tam
542 1469 655 1516 sanum
681 1469 752 1516 esse
778 1469 874 1538 quam
897 1451 999 1532 ferire
1024 1450 1072 1517 vel
1094 1437 1267 1538 percutere

143 1571 257 1649 pectus
281 1563 392 1630 dolore
413 1561 533 1630 seilicet
557 1563 745 1632 calamitatis
769 1584 829 1631 suo
854 1563 931 1632 vitio
955 1569 1172 1634 contractae.''

187 1676 239 1744 Vs.
263 1681 372 1742 1134:
438 1683 608 1765 ἀμβρότων
634 1685 815 1758 εὐαζόντων
842 1688 856 1746 ε’
866 1683 973 1748 πίων

144 1792 221 1859 llire
245 1792 314 1881 ipsa
341 1797 419 1860 ἔπεα
445 1791 598 1860 dicuntur
621 1795 764 1873 ιοαζειν,
790 1793 877 1880 quod
903 1805 952 1860 est
975 1813 1087 1861 eorum
1113 1793 1169 1882 qui
1194 1793 1269 1862 Bac-

143 1908 242 1975 chum
268 1907 433 1975 celebrant
458 1927 532 1974 evoe
556 1915 715 1975 canentes.
741 1907 821 1975 Hinc
849 1907 881 1976 in
905 1919 1046 1976 mentem
1069 1908 1146 1976 mini
1164 1911 1268 1992 venit,

144 2044 185 2091 an
209 2021 391 2112 Sophocles
417 2043 480 2091 una
506 2023 614 2090 addita
637 2022 727 2090 litera
753 2023 935 2114 scripserit:

413 2141 582 2226 τίμβρότιον
607 2143 792 2219 εὐαζόντων
817 2149 887 2208 ίπε
900 2149 979 2210 τώιι

143 2253 165 2319 ί.
201 2273 228 2319 e.
257 2253 462 2326 ἀκολούθων,
488 2262 524 2319 ut
548 2251 748 2340 significetur
772 2274 861 2320 sacra
887 2253 1000 2322 Bocchi
1025 2267 1162 2322 caterva.
1208 2256 1270 2324 Vo-

146 2366 261 2434 cabulo
286 2387 366 2433 usus
390 2377 440 2434 est
464 2366 619 2435 Pindarus
643 2367 732 2457 eph.
758 2367 781 2432 V
806 2367 907 2436 initio.

191 2481 243 2548 Vs.
271 2484 373 2547 1177:
465 2490 564 2568 πατρί
588 2491 725 2570 μηνίσας
751 2493 894 2567 φόνου.

147 2594 326 2682 Antigonae
352 2595 544 2684 suppliciunt
565 2597 613 2663 rix
638 2609 725 2665 recte
749 2596 812 2665 dici
829 2609 929 2683 φονον
954 2599 1098 2666 concedo
1116 2599 1269 2668 Nouello.

147 2710 217 2778 Non
248 2709 451 2800 displiceret:
477 2721 573 2798 πατρί
605 2719 741 2798 μηνίσας
765 2727 908 2796 γόνος,
929 2715 1037 2780 iroltts
1055 2716 1150 2802 putri
1168 2717 1269 2802 filius.

146 2824 225 2894 Vide
249 2825 299 2892 ed.
325 2845 415 2892 lucae
440 2825 514 2895 Oed.
543 2827 614 2914 Tyr.
640 2827 712 2894 adn.
737 2828 778 2896 ad
804 2849 847 2896 vs.
876 2835 903 2894 l.

192 2945 243 3012 VS.
269 2949 356 3012 1214
380 2965 474 3034 sqq.:
785 2945 890 3020 οίλλιί,
916 2946 1106 3028 πρόσπολοι,

326 3059 367 3127 ἴτ’
393 3057 491 3128 ἆσσον
516 3061 610 3135 ὠκεῖς
635 3065 689 3124 καί
713 3067 938 3140 παραστάντες
964 3067 1054 3146 τάφῳ

324 3172 536 3261 ἀθρήσαθ’
559 3179 660 3258 ἁρμὸν
686 3181 876 3260 χώματος
901 3175 1087 3256 λιθοσπαδῆ

326 3291 439 3368 δόντες
465 3295 542 3376 πρὸς
566 3293 646 3356 αὐτὸ
672 3297 817 3374 στόμιον,
844 3295 871 3356 εί
896 3295 951 3356 τόν
977 3295 1125 3372 Αἵμονος

326 3415 474 3488 φθόγγον
500 3404 628 3490 συνίημ’
654 3413 672 3486 η’
699 3413 800 3469 θεοῖσι
826 3402 1078 3486 κλέπτομαι.

326 3522 421 3588 Tau*
447 3523 480 3598 ἐξ
504 3525 634 3603 οίθιίμου
659 3520 816 3586 δεσπότου
841 3517 1125 3600 κελευσμασιν

325 3643 554 3722 ἠθροῦμεν·
580 3640 615 3701 tr
641 3633 674 3699 δὲ
701 3632 836 3718 λοισθίῳ
860 3635 1059 3719 τυμβεύματι

327 3757 385 3834 τὴν
408 3757 467 3834 μὲν
493 3756 670 3836 κρεμαστὴν
695 3749 832 3835 αυχίνος
857 3748 1117 3829 κατείδομεν
1143 3751 1207 3812 κτὲ.

194 3865 366 3955 Aliquanto
391 3863 507 3932 molius
530 3861 672 3930 scribas:

660 3987 680 4061 ἠ
705 3987 807 4043 θεοῖσι
832 3976 1090 4064 βλάπτομαι.

297 4081 423 4161 ⁴Tr'zd’
448 4096 482 4172 ἐξ
506 4097 636 4176 α’θιίμου
660 4094 818 4158 δεσπότου
843 4091 1142 4172 κελευσμάτων

328 4212 531 4293 ἐδρῶμεν·
557 4213 591 4274 ἐν
617 4209 650 4272 δὲ
677 4208 814 4292 λοισθίῳ
839 4212 903 4272 κτὲ.

150 4324 309 4408 Ἐόρὼμ
321 4353 362 4389 ιν
380 4323 547 4408 ]δηλοιοαι
565 4328 758 4406 ὴοροομιο
776 4318 853 4386 olim
869 4319 1100 4406 interpretatus
1118 4327 1167 4386 est
1181 4318 1277 4386 sedu-

148 4439 200 4504 lus
233 4437 350 4516 lector,
384 4435 471 4522 quod
504 4435 828 4524 interpretamentum
863 4431 1000 4522 petitum
1033 4453 1051 4499 e
1089 4454 1135 4500 vs.
1171 4437 1276 4500 1216,

147 4553 244 4622 hodie
269 4563 391 4622 textum
416 4561 565 4642 occupat.
614 4551 662 4618 Ad
686 4554 872 4652 βλάπτομαι
899 4549 938 4617 cl.
963 4548 1009 4616 lli.
1036 4549 1100 4614 455
1126 4555 1153 4615 εί
1177 4552 1211 4616 δι’
1231 4577 1279 4628 τις

1097 4665 1147 4736 ρετ
