2944 5002
777 349 818 409 32

206 533 384 615 ὑπῆρχον
409 531 535 598 καὶτοῦ
559 532 710 609 σώματος.
754 532 886 621 Antiqui
910 545 1089 598 constanter
1111 533 1249 622 iungunt
1270 529 1391 614 ὤφελον

206 679 281 722 cum
303 653 397 719 modo
417 653 595 732 Infinitive,
617 653 671 719 sed
688 653 797 718 vitiosa
818 655 999 743 sequiornm
1012 653 1205 720 consuetudo
1223 677 1261 720 eo
1277 675 1391 743 perre-

204 778 271 855 nit,
309 787 345 840 ut
376 772 504 840 tandem
539 773 636 839 etiam
670 785 794 863 tempus
829 775 973 854 finitum,
1008 774 1103 864 (quae
1138 797 1186 840 res
1216 797 1290 842 cum
1321 775 1392 863 ipsa

203 897 291 964 rerbi
321 909 434 961 natura
468 907 575 985 aperte
609 894 767 984 pugnat).
801 895 889 985 sequi
923 896 1081 962 iuberent.
1131 897 1226 962 Hunc
1261 917 1391 984 qnoque

201 1041 339 1085 errorem
372 1017 571 1108 epitomatori
606 1039 702 1105 qnam
733 1015 887 1096 Diodoro,
921 1015 1004 1107 apud
1035 1039 1131 1106 quem
1163 1016 1298 1082 similem
1330 1013 1390 1080 ab·

201 1162 293 1204 nsum
317 1161 381 1204 non
404 1135 583 1216 observavi,
607 1137 746 1202 tn'hnerc
769 1138 890 1204 malim.

245 1259 376 1325 Initium
407 1259 446 1324 fr.
480 1257 600 1323 XLVII
622 1259 667 1322 sic
690 1257 810 1324 scribo:
838 1253 883 1324 θ’τι
909 1266 1036 1342 Δαρεῖος
1059 1265 1115 1332 τῆς
1139 1258 1249 1331 Ἀσίας
1272 1255 1390 1340 σχεδὸν

199 1379 271 1456 θλιις
302 1380 462 1462 κυριεύσας
490 1380 559 1453 τὴν
590 1381 778 1460 Εὐρώπην
813 1379 958 1458 ἐπεθύμει
993 1379 1272 1461 καταστρέψασθαι
1296 1378 1387 1452 κτὲ.;

197 1524 256 1592 pro
286 1508 342 1576 τῆς
370 1500 534 1583 Εὐρώπης,
567 1500 623 1588 qui
647 1499 810 1565 Genitirus
830 1499 1018 1564 indonatus
1041 1522 1107 1565 esse
1130 1498 1273 1576 ridetur,
1298 1497 1388 1586 quod

198 1624 267 1690 scil.
312 1645 430 1688 nomen
470 1621 634 1711 proprium
674 1644 692 1684 a
727 1620 822 1686 verbo
858 1621 1014 1699 ἐπιθυμεῖν
1049 1619 1186 1710 pendere
1221 1619 1389 1708 imperitus

197 1745 312 1834 aliquis
342 1743 489 1808 librarius
512 1741 707 1832 cogitaverit.
757 1739 813 1807 Sin
837 1740 942 1805 minus
967 1739 1212 1830 expungendum
1234 1741 1294 1806 erit
1316 1763 1388 1806 rer·

197 1867 275 1932 bum
309 1863 588 1946 καταστρέψασθαι
624 1875 660 1927 nt
683 1863 1021 1952 interpretamentum,
1050 1885 1146 1951 quam
1169 1874 1277 1928 tamen
1300 1862 1389 1928 riam

197 1986 388 2054 emendandi
406 1986 454 2052 illi
470 1998 540 2076 post
560 1983 676 2062 habeo;
700 1997 731 2049 et
749 1983 833 2049 idem
852 2005 938 2048 nunc
958 1981 1048 2048 rideo
1067 1982 1221 2070 placuisse
1235 1982 1386 2049 Mullero.

242 2107 295 2172 Fr.
323 2105 461 2172 XLVIII
486 2104 575 2192 (XIX
600 2107 619 2187 §
643 2105 699 2190 6):
726 2101 865 2186 ἔφασκεν
888 2105 928 2176 ὥς
953 2111 1092 2168 ποιεῖν.
1125 2103 1209 2192 Lege
1233 2112 1387 2170 ποιοῖεν.

197 2227 236 2292 In
258 2226 298 2291 fr.
326 2225 429 2291 XLIX
455 2223 542 2311 (XX)
568 2236 715 2289 narratur
737 2223 855 2289 Lucius
887 2223 1078 2312 Tarquinius
1109 2225 1240 2305 ἐγερθεὶς
1272 2224 1306 2290 ἔκ
1328 2229 1388 2290 τοῦ

196 2353 333 2420 κοιτῶνος
369 2348 499 2428 ὁρμῆσαι
531 2345 581 2410 ἐπὶ
612 2347 667 2421 rim
699 2352 837 2423 γυναῖκα
860 2345 1049 2424 κοιμωμένην
1085 2343 1116 2411 ἔν
1138 2369 1215 2412 τινι
1239 2343 1386 2428 θαλάμῳ.
1465 2403 1466 2432 3

197 2467 300 2532 Immo
329 2489 402 2534 vero
435 2467 466 2532 ἒν
497 2467 546 2548 τῷ
574 2465 723 2548 θαλάμῳ,
755 2487 829 2530 nam
853 2465 968 2554 singuli
992 2478 1082 2531 erant
1105 2465 1234 2556 singulis
1257 2466 1389 2533 familiis
1465 2439 1466 2453 i

196 2587 341 2654 thalami.
389 2589 442 2670 Τῷ
474 2587 551 2654 abiit
579 2588 611 2652 in
642 2612 703 2669 τερ,
733 2586 850 2652 hocin
874 2610 944 2652 τινι.
993 2587 1032 2654 In
1062 2586 1165 2652 medio
1195 2588 1308 2677 fragm.
1340 2589 1388 2656 LI

198 2709 320 2798 (XXII)
342 2709 386 2775 sic
406 2709 530 2775 ridetur
548 2707 807 2798 distinguendum
819 2730 885 2774 esse
898 2720 929 2773 et
949 2707 1172 2797 supplendum:
1192 2711 1386 2776 ὑπώπτευεν·

195 2829 381 2909 άδελψιδοῦς
408 2829 448 2916 (δ’
473 2827 523 2916 ὢν)
549 2831 645 2894 αὐτοῦ
669 2830 735 2894 κτὲ.

244 2949 469 3029 Athenienses,
501 2952 548 3015 uti
579 2950 730 3015 docemur
760 2951 793 3014 in
824 2949 863 3015 fr.
899 2949 956 3015 LV
982 2949 1103 3036 (XXIV
1128 2953 1146 3035 §
1171 2949 1226 3038 3),
1251 2973 1388 3018 currum

195 3093 330 3138 aeneum
354 3071 396 3144 εἰς
419 3071 475 3146 τὴν
494 3071 658 3152 άιιρθπολιν
681 3071 826 3136 άνὲθεσαν
849 3071 919 3136 τάδε
942 3071 976 3136 τὸ
1001 3073 1137 3148 ἐλεγεῖον
1160 3068 1385 3154 γράψαντες.

196 3193 298 3258 Immo
333 3215 406 3258 rcro
442 3191 714 3274 ἐπιγράψαντες,
753 3192 842 3258 cuius
873 3191 980 3270 verbi,
1011 3191 1122 3270 credo,
1147 3205 1251 3258 certus
1273 3207 1319 3259 est
1343 3195 1389 3262 de

195 3314 431 3404 epigrammatis
458 3312 666 3379 inscribendis
688 3335 774 3377 usus.
1464 3377 1465 3382 γ

241 3435 279 3502 In
310 3435 350 3501 fr.
380 3434 470 3500 XLII
498 3433 647 3523 (XXVII)
673 3455 729 3522 pro
754 3433 975 3514 Συρακουσίους
999 3446 1030 3499 et
1054 3435 1264 3516 Συρακουσίαν
1288 3461 1391 3528 repo·

195 3557 318 3623 nendae
351 3567 425 3622 sunt
459 3555 618 3644 legitimae
652 3554 771 3618 formae
807 3554 1008 3634 Συρακοσίους
1041 3567 1073 3619 et
1104 3557 1316 3636 Συρακοσίου,
1351 3577 1392 3628 et

196 3679 240 3742 sic
264 3691 445 3744 constanter
467 3677 582 3767 legitur
601 3677 634 3742 in
657 3676 858 3766 palimpsesto
884 3675 1051 3756 Vaticanm
1077 3675 1195 3742 ibidem
1219 3679 1388 3768 corrigas:

195 3795 318 3876 ἱμάτιον
357 3798 418 3885 [ἐκ]
457 3803 574 3863 πολλοῦ
607 3796 895 3874 κατεσκευασμένον
930 3800 1065 3878 χρυσοῦ
1096 3820 1154 3886 pro
1183 3800 1311 3880 χρυσίου
1345 3826 1392 3870 ac

196 3941 302 3984 rersns
321 3918 419 3982 linem
438 3919 576 4007 excerpti
590 3916 662 3998 άμα
678 3918 709 3983 δὲ
730 3917 857 3998 νομίζον
876 3916 1062 3994 διαβαλεῖν
1080 3939 1138 4006 pro
1156 3919 1392 3997 διαβάλλειν.

197 4040 250 4106 Fr.
273 4038 377 4104 LXIX
398 4037 533 4127 (XXIX)
556 4037 607 4102 διά
623 4037 658 4103 τὸ
678 4038 722 4116 μὴ
742 4039 873 4118 ἰσχῦσαι
898 4037 1076 4103 ἐκτῖσαι.
1122 4037 1232 4104 Malim
1248 4041 1394 4122 ἰσχῦσαι

195 4161 375 4226 ἐκτίνειν.

242 4279 384 4348 Tandem
417 4280 451 4344 in
484 4279 525 4344 fr.
562 4277 686 4344 vass
718 4277 869 4366 (XXXII)
902 4301 976 4344 sana
1006 4301 1070 4344 non
1101 4293 1174 4346 sunt
1204 4282 1392 4355 vocabula:
1463 4319 1464 4340 ι

196 4407 249 4467 τοῦ
293 4402 324 4466 δὲ
363 4399 638 4480 ἐπαγγειλαμένου
677 4408 930 4482 συμμαχῆσαι
963 4400 1014 4464 καὶ
1047 4409 1281 4482 σιταρκῆσαι;
1306 4429 1398 4476 narn

198 4531 268 4610 post
298 4521 392 4586 rerba
413 4519 612 4611 pollicendi
635 4521 723 4609 sequi
747 4519 842 4585 debet
865 4533 989 4610 tempus
1012 4519 1173 4602 futurum,
1198 4525 1307 4614 itaque
1332 4551 1402 4596 re·-
1463 4505 1464 4549 t

199 4639 401 4707 scribendum
424 4655 481 4707 est:
508 4641 782 4724 συμμαχήσειν
806 4641 857 4707 καὶ
882 4641 1128 4723 σιταρκὴσειν.
