2990 5012
233 617 282 688 ἕν’
305 621 509 702 Ἀντιγόνου
530 631 586 688 τοῦ
610 619 769 707 βασιλέως
796 623 887 705 νίκης
912 620 1026 703 καλῆς,

233 741 288 801 καὶ
313 745 367 801 τοῦ
393 739 566 804 νεανίσκου
590 741 716 802 κύαθον
742 739 946 822 Δημητρίου.

233 851 306 932 φέρε
328 855 384 916 τὸν
410 855 519 934 τρίτον
545 851 621 932 (τοῦ
644 859 786 932 odinum·
812 847 900 916 οἶδ’·
923 851 1031 916 ἔσται
1057 855 1183 934 τρίτος
1205 849 1248 931 ll)

234 966 339 1042 Φίλας
364 966 568 1050 Ἀφροδίτης
596 971 658 1030 κτὲ,

191 1077 231 1145 llt
255 1078 315 1145 iam
341 1079 437 1152 unde,
451 1097 546 1146 orsus
571 1099 643 1146 sum
661 1087 819 1158 revertar,
838 1077 989 1166 quoniam
1011 1077 1042 1146 in
1060 1078 1269 1168 Didymornm

143 1193 339 1280 fragmento,
374 1193 458 1260 haud
492 1214 586 1260 secus
618 1213 715 1281 quam
749 1192 781 1258 in
806 1212 844 1260 eo
873 1193 960 1280 qnod
994 1194 1089 1261 modo
1118 1193 1268 1283 apposui,

142 1307 313 1374 manifesto
335 1327 441 1375 sermo
459 1320 507 1376 est
527 1310 567 1376 do
584 1308 746 1396 Antigono
771 1307 908 1395 eiusque
930 1328 1047 1386 uxore,
1072 1308 1271 1397 Antiphanes

143 1421 227 1488 illins
252 1433 365 1489 auctor
389 1444 460 1490 esse
488 1423 621 1490 omnino
648 1443 713 1490 non
738 1422 854 1510 potuit.
884 1421 1015 1490 Constat
1039 1422 1125 1489 enim
1155 1401 1271 1492 Suidae

144 1535 327 1602 testimonio
353 1537 439 1604 hune
464 1548 591 1626 poetam
610 1547 722 1604 natum
746 1534 869 1624 Olymp.
889 1535 980 1602 XClll
1007 1536 1038 1602 in
1065 1537 1167 1605 insula
1192 1538 1270 1606 Chio

143 1651 261 1719 obiisse
278 1652 391 1720 aetatis
408 1671 492 1720 anno
511 1651 631 1717 LXXIV
648 1652 665 1718 i.
683 1673 711 1718 e.
728 1663 802 1719 ante
819 1647 1028 1740 olympiaden
1047 1651 1145 1732 Cllll,
1164 1674 1270 1744 neque

143 1767 241 1850 initur
265 1766 415 1854 Antigoni
440 1787 576 1854 regnum
605 1765 759 1855 attigisse.
809 1766 885 1846 Quis
911 1766 1006 1834 inerit
1039 1767 1168 1834 illorum
1200 1789 1270 1834 ver-

143 1903 238 1948 suum
263 1893 377 1949 auctor
402 1893 603 1968 compertum
630 1880 761 1967 quidem
787 1901 851 1948 non
877 1880 1051 1960 habemns,
1080 1881 1153 1970 quia
1182 1902 1270 1948 oom-

143 1998 252 2084 plures
269 1996 472 2064 diversorum
495 2009 663 2085 poetarum
689 1997 882 2064 exstiterunt
901 1997 979 2064 olim
1004 1998 1129 2066 l'ahulae
1154 1998 1267 2065 eodem

142 2113 273 2179 nomine
299 2110 481 2199 inscriptae.
531 2112 675 2198 Namque
704 2115 842 2196 Δίδυμοι
876 2113 1009 2178 luerunt
1038 2123 1268 2202 praeterquam

142 2227 331 2316 Antiphanis
368 2225 524 2304 Alexidis,
562 2225 810 2304 Anaxandridis‚
848 2225 1051 2318 Euphronis,
1089 2227 1266 2308 Xenarchi,

141 2341 400 2430 Aristophontis;
423 2345 568 2428 Διδύμας
595 2353 722 2430 praeter
746 2342 960 2432 Antiphonem
987 2343 1115 2432 scripsit
1140 2344 1268 2412 Menan·

141 2460 207 2526 der.
241 2457 454 2526 Nihilominus
472 2457 623 2546 suspicor
648 2463 822 2526 Aumrnru
841 2480 912 2528 esse
929 2471 1095 2529 auctorent
1122 2473 1153 2528 et
1170 2463 1268 2529 Athe-

141 2595 258 2642 naeum
290 2574 404 2642 eodem
437 2594 547 2642 errore
580 2575 609 2642 h.
632 2575 650 2641 Ι.
677 2574 862 2642 confudisse
894 2575 991 2643 huius
1014 2575 1167 2666 Didymos
1192 2600 1267 2646 eum

142 2689 335 2778 cognomine
365 2690 468 2758 l'ahula
493 2689 700 2780 Antiphanis,
735 2711 800 2778 qno
834 2691 1007 2780 Antiphani
1033 2691 1161 2771 tribuit,
1186 2715 1268 2782 quae

141 2804 281 2872 Alexidis
306 2825 378 2872 esse
403 2816 546 2886 constat,
576 2805 612 2871 lV
640 2828 668 2894 p.
700 2810 763 2872 156
784 2805 815 2872 C.
864 2806 941 2873 Vide
971 2806 1162 2874 lleinelrinm
1188 2809 1267 2877 llist.

140 2922 215 2990 Crit.
240 2921 327 2990 Com.
353 2921 405 2988 Gr.
431 2944 460 3010 p.
488 2923 563 2989 306.

176 3193 199 3252 l)
219 3191 284 3240 lineo
304 3191 373 3239 rerba
390 3190 487 3254 exempli
506 3205 574 3237 eausa
593 3189 698 3253 strppleri
714 3189 742 3236 de
761 3205 818 3237 meo.
