2932 5004
654 335 713 400 147

97 521 196 588 istorio
232 523 335 596 volam
369 521 443 588 ὄντα
473 523 609 590 δεδόοόαι
625 571 631 586 .
648 525 730 604 ..τῷ
761 525 806 604 τῷ
834 524 938 604 Κρητί.
987 524 1069 610 Quid
1102 526 1188 594 euim
1208 526 1274 590 eri·

98 644 215 709 leutius
244 664 341 730 quam
365 643 601 710 rescribendum
626 656 657 708 et
681 643 893 734 supplendum
918 669 1003 711 esse:
1031 645 1091 728 ἔφη
1116 646 1144 710 δ’
1169 643 1276 710 ἑαυτὸν

97 765 192 840 νήπιον
220 762 295 828 ὄντα
327 762 464 829 δεδόσθαι
498 763 626 852 (νοητῷ
655 787 697 846 τῳ
720 767 840 845 Κρητόῖ
889 763 1008 832 Eodem
1032 765 1127 830 modo
1150 787 1183 855 p,
1210 768 1276 831 263

98 908 137 948 rs.
159 883 441 950 rescribendum:
463 885 611 966 Ἀόηναόῳ
635 909 677 966 τῳ
701 889 893 968 Περγαμηνῷ
919 909 975 976 pro
997 887 1275 968 ’Alavnlprqiurt

138 1005 418 1095 Interpretamento
449 1004 611 1072 liberanda
642 1017 732 1080 sunt,
768 1029 848 1094 quae
871 1007 1021 1096 leguntur
1043 1008 1077 1070 in
1099 1005 1212 1071 eodem
1235 1006 1275 1070 ir·

98 1125 168 1190 XVI
199 1147 231 1214 p.
265 1127 331 1189 262
364 1147 407 1189 νε.
439 1129 502 1203 34,
532 1125 587 1190 nbi
616 1125 735 1190 editur:
771 1127 809 1191 δι’
838 1123 944 1192 οὗ·τόν
967 1127 1087 1209 Περσέα
1110 1128 1278 1209 διασαφεῖν

99 1246 177 1326 αὐτῷ
208 1247 371 1326 θησαυροὺς
403 1242 478 1311 εἶναι
509 1246 663 1325 κειμένους
694 1246 762 1324 διιό,
792 1247 844 1312 τόν
873 1247 929 1325 μὲν
953 1243 1006 1312 ἕνα
1029 1249 1060 1318 ἐν
1083 1245 1277 1329 Ἀμφιπόλει

97 1367 280 1444 κείμενον
311 1367 368 1430 ὑπὸ
399 1366 450 1430 τὸν
480 1368 543 1432 tres
579 1368 662 1444 ητὲ,
694 1366 778 1432 unde
809 1367 934 1433 exulare
962 1367 1127 1432 iubeamus
1150 1368 1279 1458 partici-

97 1487 182 1576 pium
206 1488 352 1566 κείμενον.

139 1607 239 1674 Nimis
275 1597 428 1674 rusticirm
450 1621 518 1687 est,
543 1609 628 1698 quod
652 1610 760 1676 fecisse
781 1621 951 1675 narramur
973 1609 1069 1699 legati
1093 1609 1279 1696 nescioqui
1346 1665 1348 1672 ,

98 1729 331 1818 peregrinantes
358 1727 480 1808 Mileti,
512 1751 612 1818 quum
636 1729 828 1798 Milesiorum
852 1731 1052 1819 magistratus
1075 1751 1185 1796 eornm
1209 1751 1280 1794 sen·

96 1850 223 1914 tentiam
254 1863 435 1938 rogassent,
469 1849 545 1939 quid
578 1848 759 1920 faciendum
790 1862 955 1916 censerent
978 1849 1152 1929 Andrisco,
1177 1849 1280 1916 lilium

97 1993 128 2034 se
169 1969 272 2034 Persei
294 1969 474 2034 ementito.
535 1969 657 2060 Nempe
697 1971 741 2035 sic
784 1969 949 2036 scribitur:
996 1973 1024 2036 al
1058 1969 1088 2035 δὲ
1125 1969 1280 2048 &systol-

97 2115 204 2162 σαντες
237 2091 375 2156 ἐκέλευον
407 2093 535 2174 ἀφεῖναι
570 2091 622 2155 τόν
656 2089 807 2170 όνόραοιον
839 2093 903 2156 ιιτὲ.
953 2091 1070 2156 Verum
1093 2091 1282 2160 facillimum

98 2224 143 2277 est
172 2210 353 2276 huiusmodi
383 2212 515 2276 crimine
545 2210 688 2276 homines
719 2233 870 2300 purgare,
904 2212 929 2275 si
954 2233 1016 2276 una
1040 2210 1167 2300 dempta
1192 2211 1281 2276 litera

9 2377 10 2406 r
97 2353 220 2398 meeum
251 2331 327 2397 velis
359 2331 547 2398 rescribere:
583 2333 608 2398 oi
640 2331 671 2397 δὲ
702 2330 915 2409 νελοόταντες
947 2333 1011 2396 sris
1043 2331 1141 2397 ibid.
1167 2355 1212 2396 rs.
1241 2335 1281 2396 16

96 2453 185 2542 lego:
212 2454 339 2519 ὑπὸδὲ
363 2452 476 2518 τούτων
500 2459 557 2518 τῶν
580 2455 726 2535 ἀφορμῶν
751 2453 1042 2546 μετεαοιοόεὶορτο
1064 2454 1141 2518 cirri
1167 2456 1232 2518 uri.

143 2574 273 2640 Gravius
308 2573 410 2639 scriba
445 2574 610 2664 impegisse
643 2573 766 2640 ridetur
800 2575 833 2640 in
868 2572 986 2637 ultimis
1020 2573 1114 2638 huius
1146 2576 1283 2663 excerpti

9 2695 10 2704 ’
98 2695 217 2773 serbis,
251 2717 333 2783 quae
364 2695 545 2760 scribuntur
573 2695 638 2760 sic:
672 2695 728 2760 ὑπὸ
761 2694 791 2758 δὲ
815 2692 990 2766 Μακεδόνος
1015 2694 1282 2772 καταπολεμηθεὶς

97 2815 384 2893 όΨευδοΦόλιπτος
404 2814 522 2897 ἔφυγεν
543 2816 585 2888 εἲς
607 2816 740 2899 Θρᾴκην.
765 2816 882 2888 τόλος
906 2815 1060 2894 ἐγκρατὴς
1084 2815 1205 2893 ἐγένετο
1226 2815 1285 2880 τῶν

97 2937 182 3002 κατόν
202 2935 385 3002 Μακεδόνων
404 2936 529 3002 τόλεαν.
554 2935 598 3002 Ut
613 2957 699 3000 nunc
717 2935 867 3024 legimus,
886 2935 1284 3026 narraturPsendophilip-

9 3051 11 3140 l
96 3079 155 3146 pus
176 3056 317 3122 devictus
341 3078 359 3120 a
383 3055 510 3121 Metello
534 3054 741 3122 Macedonico
768 3054 856 3138 (narn
875 3055 901 3119 is
921 3055 1098 3144 appelletur
1115 3056 1281 3140 Μακεδὼν)

98 3179 212 3267 legisse
242 3179 275 3242 in
306 3175 491 3252 Thraciam,
523 3176 576 3242 sed
608 3175 736 3242 taudem
768 3174 971 3240 Macedoniae
1004 3175 1124 3264 oppidis
1148 3177 1283 3264 potitum

9 3361 10 3384 q
98 3321 173 3364 esse.
200 3297 272 3363 Non
296 3296 359 3362 ridi
378 3298 495 3386 magis!
523 3285 736 3361 Credamusne
757 3295 930 3360 Diodorum
949 3295 1099 3361 historiae
1118 3296 1151 3360 ln
1169 3295 1283 3372 rebus,

96 3418 274 3508 dequibus
299 3417 417 3506 optime
440 3415 604 3481 constabat
628 3415 710 3480 inter
734 3439 860 3491 omnes,
885 3439 955 3482 eam
979 3417 1042 3481 rim
1060 3416 1219 3494 intulisse,
1248 3427 1284 3480 ut

97 3539 289 3605 Andriscum
324 3538 386 3602 ium
417 3535 575 3602 devictum
600 3557 666 3600 rem
692 3536 862 3601 restituisse
886 3549 917 3601 et
940 3538 1132 3624 superiorem
1157 3559 1174 3602 e
1198 3535 1282 3602 ballo

9 3731 10 3736 ,
95 3681 256 3750 egressum
280 3681 346 3724 esse
369 3657 567 3722 narraverit?
617 3656 702 3722 Alios
726 3657 846 3736 nesei03
874 3656 1019 3744 equidem
1045 3657 1195 3746 suspicari
1217 3679 1284 3722 rnu-

9 3753 10 3794 i
95 3781 153 3844 lim
183 3780 304 3852 τέλος
335 3778 462 3842 miserus
494 3799 559 3842 esse
590 3777 726 3841 nominis
759 3776 878 3842 Metelli
902 3777 1069 3866 reliquias,
1101 3778 1209 3867 itaque
1232 3803 1283 3844 re-

96 3902 294 3990 scripserim:
332 3897 389 3962 ὑπὸ
422 3899 453 3963 δὲ
487 3896 663 3971 Μακεδόνος
700 3897 967 3976 κατατολεμηόεὶς
992 3898 1006 3962 ό
1031 3899 1283 3982 Ψευδοφόλιττος

95 4022 216 4104 tesso
239 4021 283 4093 εἰς
308 4021 447 4103 Θρόνιον,
473 4018 500 4105 (ὅ
524 4018 561 4082 δὲ
585 4016 771 4104 Μέδιελλος
796 4021 949 4100 tetrarte
974 4019 1096 4096 ἐγένετο
1120 4027 1178 4086 τῶν
1198 4022 1281 4086 κοιλ

9 4171 11 4228 g
95 4141 295 4208 Μακεδονίαν
321 4139 448 4205 τόλειον.

145 4262 287 4330 Verbum
321 4259 627 4344 ταρακατατόόεοόαι
663 4271 694 4325 et
729 4258 904 4326 derivatum
938 4259 1012 4326 inde
1035 4261 1282 4338 substantivum,

94 4383 285 4450 incredibile
313 4383 401 4450 dictu
430 4395 496 4460 est,
530 4403 742 4471 quamsaepe
768 4383 800 4446 iu
824 4381 1043 4462 ταρατόόεσόαι
1070 4395 1100 4447 et
1124 4383 1281 4462 παρενθήκη

95 4504 256 4583 abierint,
293 4505 382 4570 cuius
417 4503 528 4570 erroris
562 4525 602 4567 ne
637 4515 781 4592 excerpta
813 4502 941 4591 quidem
972 4501 1179 4568 Scoriulensia
1210 4519 1284 4570 sunt

94 4649 226 4714 prorsus
257 4625 421 4692 immunia.
472 4623 553 4690 Num
578 4624 609 4688 in
634 4625 779 4712 sequenti
803 4626 907 4690 statim
931 4623 1042 4710 frepus.
1069 4645 1111 4688 rs.
1137 4629 1180 4688 34
1204 4625 1282 4714 legi·

1020 4741 1054 4792 19
1064 4741 1076 4770 “
