2932 5004
669 337 727 398 131

91 527 264 607 ἐπληροῦτο
300 525 341 591 ab
370 524 524 613 eclogario
557 525 614 590 uni
641 523 754 589 horum
786 521 952 588 verborum
982 521 1185 588 substitutum
1217 534 1282 601 est,

94 649 157 713 nisi
197 647 349 736 suspIcari
390 647 488 710 maris
531 643 690 734 vulgatam
724 644 893 709 lectionem
931 656 1113 734 corruptam
1148 667 1213 710 esse
1248 637 1284 711 er

92 765 322 845 ε’πηξιοῦπο.
378 765 477 832 Facili
511 767 637 855 negotio
672 765 787 854 corrigi
821 778 951 854 possunt
984 788 1065 854 quae
1096 765 1214 832 ibidem
1238 766 1285 832 le-

93 902 218 980 guntur
249 912 295 952 rs.
330 891 390 951 21:
422 889 454 952 οὐ
486 886 549 966 γάρ
580 886 644 963 εἰμὶ
673 891 838 964 Ῥωμαῖος,
861 888 935 952 ἀλλ’
957 882 1085 966 ὅμοιος
1110 889 1203 966 ὑμῶν
1228 889 1284 952 ὑπὸ

92 1008 219 1090 ρἀδοις
250 1007 442 1086 τεταγμένος
473 1013 634 1088 περινοστεῖ
664 1007 719 1079 τὴν
751 1007 907 1082 Ἰποολίοιν;
937 1031 1012 1072 nam
1042 1009 1157 1098 puerili
1181 1031 1285 1074 errore

94 1132 140 1194 sic
179 1128 283 1194 editur
315 1150 392 1216 pro:
430 1129 505 1193 ἀλλ’
541 1127 684 1206 ὁμοίως
717 1128 803 1205 ὑμῖν
835 1129 900 1193 uri.
948 1128 1114 1195 Praeterea
1135 1130 1169 1194 in
1192 1129 1286 1194 huius

93 1251 238 1338 excerpti
265 1249 382 1326 initio,
417 1249 533 1314 inserto
572 1249 759 1338 pronomine
782 1249 968 1329 indefinito,
1001 1248 1171 1339 legendum
1199 1250 1286 1315 ride-

95 1383 172 1435 tur:
211 1367 351 1452 ιιωμῳδθν
388 1367 498 1457 (τινα)
536 1368 585 1434 ἐπὶ
616 1374 672 1442 τῆς
703 1377 812 1444 σκννῆς
837 1369 1057 1452 ἀγωνιζόμενον
1078 1369 1286 1453 κατέσφαξαν

95 1493 126 1554 ἐν
170 1492 211 1570 τῷ
243 1487 367 1570 θεάτρορ.
417 1488 471 1554 Vs.
508 1493 548 1554 18
581 1490 629 1554 vir
661 1511 735 1553 sana
768 1501 841 1554 sunt
872 1489 988 1557 rerba:
1023 1493 1037 1556 ὁ
1068 1492 1100 1556 δὲ
1131 1478 1286 1572 προαισθό-

96 1635 191 1690 μενος
222 1611 256 1675 πθ
288 1609 404 1688 μέλλον
426 1611 581 1674 τελεῖσθαι
606 1611 751 1689 προῆλθεν
775 1609 825 1674 έπὶ
849 1613 904 1686 τὴν
927 1612 1046 1686 σκηνήν.
1095 1611 1177 1678 Usus
1201 1613 1285 1677 enim

92 1732 232 1821 requirit
261 1731 348 1797 verb.
380 1753 484 1821 comp.
518 1733 770 1805 συντελεῖσθαι,
804 1744 839 1796 ut
870 1755 942 1796 mox
974 1705 1019 1797 rs.
1047 1736 1090 1796 20
1116 1732 1285 1798 rectissime

93 1853 221 1920 editur:
255 1852 305 1915 ἐπ’
336 1854 445 1934 ἀγαθῷ
478 1852 504 1916 δ’
537 1853 581 1927 εἴη
613 1851 909 1930 συντετελεσμένον
932 1853 966 1917 τὸ
990 1851 1094 1917 κακθν.
1145 1851 1286 1918 Tandem

95 1997 142 2039 rs.
180 1977 221 2038 25
254 1995 364 2038 rerum
392 1972 531 2038 ridetur:
554 1975 609 2038 οὐκ
632 1973 726 2051 θλέγα
749 1972 781 2037 δέ
804 1973 855 2037 καὶ
880 1970 969 2038 ἀλλα
992 1972 1064 2054 πρὸς
1090 1971 1287 2052 διάχυσιν

91 2096 146 2160 καὶ
172 2093 301 2172 γέλωτα
325 2094 444 2158 διελθὼν
471 2093 540 2182 (pro
564 2091 754 2158 διάλυσιν
777 2091 857 2180 απέ.)
881 2093 903 2156 i.
930 2115 958 2159 e.
985 2093 1036 2156 ad
1057 2097 1168 2158 risum
1192 2095 1285 2158 tita-

93 2219 309 2303 rr'tatemque
332 2213 573 2291 excitandam,
599 2213 641 2278 cI.
667 2213 706 2278 fr.
735 2213 859 2278 XXIII:
884 2217 899 2276 θ
922 2213 953 2278 δὲ
977 2215 1055 2293 Κρὶις
1079 2214 1285 2295 διαχυθεὶς

93 2337 147 2402 ἐπὶ
172 2338 216 2416 τῷ
241 2335 354 2419 ρ’νθένπι
378 2337 445 2400 ατέ.
538 2400 549 2420 .

139 2458 198 2522 Fr.
229 2455 306 2522 XIX
329 2479 374 2520 rs.
401 2461 443 2521 5:
472 2456 639 2531 ἐπανῆλθεν
663 2454 729 2518 ἐπὶ
752 2457 808 2529 τὴν
830 2455 951 2518 οἷκεθαν.
999 2455 1126 2521 Malirn:
1154 2458 1209 2530 εἷς
1231 2457 1287 2530 τὴν

92 2577 220 2644 ἀνωθεν.
268 2575 432 2643 Sententia
465 2575 548 2640 male
582 2573 725 2663 procedit
761 2597 804 2640 rs.
843 2577 882 2639 8:
922 2575 1031 2648 ἐκεῖνος
1062 2577 1126 2656 γὰρ
1157 2579 1217 2658 οὐχ
1248 2580 1285 2650 ἀς

92 2697 260 2777 ἐλευθέροις
292 2698 343 2762 καὶ
374 2694 559 2776 ,συμμάχοις
592 2696 721 2773 ὁμιλῶν,
751 2695 826 2760 ἀλλ’
850 2696 888 2766 ὥς
912 2695 1026 2768 δούλοις
1051 2695 1210 2778 ἐνυβρίζων
1233 2697 1285 2762 καὶ

95 2819 239 2902 φόβων
265 2817 461 2896 μεγάλων
494 2817 642 2887 ἀπειλαῖς
671 2813 825 2893 παρώξυνε
850 2815 920 2889 τοὺς
943 2815 1134 2898 συμμάχους
1158 2817 1207 2882 έπῖ
1233 2818 1288 2892 τὴν

92 2941 165 3006 καθ’
191 2941 300 3004 ἑαυτοῦ
325 2938 377 3002 καὶ
401 2945 460 3002 τοῖν
483 2935 588 3002 ἀλλων
611 2935 769 3016 τιμωρίαν.
820 2937 936 3001 Parum
959 2937 1159 3004 lucraremur
1183 2939 1285 3005 deleta

93 3061 213 3151 copula
238 3072 310 3126 ante
332 3059 458 3142 φόβων,
482 3081 556 3122 nam
580 3059 658 3122 scire
683 3057 776 3122 velim
801 3056 877 3146 quid
901 3059 946 3123 rei
970 3060 1031 3123 sint
1054 3059 1161 3142 φθβων
1185 3059 1286 3138 μεγά-

94 3197 157 3248 λων
187 3181 329 3246 ἀπειλαί.
378 3179 504 3246 Etenim
528 3179 642 3243 minari
665 3177 799 3242 solemus
821 3177 956 3256 μεγάλα
975 3180 1060 3245 ααοιά
1080 3203 1144 3244 non
1168 3181 1286 3262 φόβους

93 3301 271 3383 μεγάλονς.
308 3299 465 3388 Equidem
490 3299 607 3389 optime
630 3299 664 3362 in
687 3297 831 3364 ordinem
854 3297 960 3365 locum
985 3299 1084 3389 redigi
1102 3322 1191 3390 posse
1211 3302 1287 3366 eris·

95 3427 177 3490 timo
209 3420 411 3512 reponendo:
449 3421 502 3485 καὶ
537 3421 676 3498 φοβῶν
711 3418 925 3498 μεγάλαις
959 3422 1106 3493 ἀπειλαῖς
1130 3419 1286 3502 παρώξυνε

94 3547 168 3618 τοὺς
200 3541 390 3622 συμμάχους
424 3543 489 3606 κτέ.
537 3541 651 3606 Forma
683 3542 783 3606 activa
808 3540 893 3606 verbi
917 3541 1029 3623 φοβεῖν
1054 3541 1162 3606 scribis
1183 3543 1287 3608 minus

95 3679 174 3731 nota
198 3664 255 3730 has
275 3662 383 3728 turbas
402 3661 523 3727 dedisse
547 3661 680 3726 ridetur.

142 3786 217 3852 Duo
249 3795 415 3872 excerpta,
449 3805 529 3871 quae
555 3783 686 3847 minime
707 3781 895 3859 cohaerent,
921 3781 1106 3848 coaluerunt
1129 3784 1162 3848 in
1187 3807 1286 3850 unum

98 3910 138 3972 [τ.
177 3904 283 3971 XXII.
333 3903 476 3968 Alterum
509 3915 690 3992 excerptum
722 3902 783 3968 hoc
814 3915 881 3968 est:
919 3898 1004 3975 οὗτος
1027 3903 1091 3984 γάρ
1113 3941 1158 3952 -
1182 3904 1286 3984 δθξιρς,

97 4031 238 4095 alterum
271 4024 348 4090 hoc:
384 4023 577 4106 ἐπιστρέφειν
609 4023 635 4086 δ’
659 4023 758 4088 εἴωθεν
788 4047 887 4112 usque
913 4023 952 4087 ad
980 4024 1076 4088 finem
1105 4025 1283 4115 fragmenti.

96 4151 136 4216 ln
163 4145 370 4236 sequentibus
401 4143 519 4210 ibidem
549 4143 653 4209 denuo
679 4145 807 4209 malim:
838 4151 896 4210 τοῖν
923 4147 1104 4224 τυραννικῶν
1132 4171 1284 4227 παρανο-

96 4265 256 4350 μημάτων
278 4287 335 4355 pro
359 4262 576 4344 ἀνομνμάσων.

144 4387 269 4456 Μευθίο
304 4397 402 4452 scatet
436 4385 475 4450 fr.
514 4384 623 4450 XXIII
655 4383 774 4474 (XVII)
807 4385 860 4450 sed
893 4385 1163 4476 talibus,'qualia
1195 4387 1284 4454 nullo

98 4510 228 4602 negotio
248 4507 313 4574 elui
336 4505 474 4596 possint3
501 4529 545 4570 rs.
563 4508 603 4572 10
616 4505 847 4595 supplendum:
870 4507 940 4574 τίνα
960 4508 1063 4578 διθσεις
1082 4505 1157 4595 (μοι)
1180 4509 1285 4586 μισθὸν

94 4641 152 4709 τῆς
190 4629 355 4714 σωτνρῖας,
385 4627 441 4694 ubi
463 4650 637 4717 pronomen
660 4626 774 4692 excidit
797 4641 925 4716 propter
949 4625 1110 4692 consimile
1137 4615 1280 4694 vocabuii

1021 4747 1078 4798 17*
