2932 5004
118 546 220 617 Valde
257 551 336 617 mihi
375 563 519 640 suspecta
559 563 605 616 cst
641 551 814 640 scripturae
856 549 934 618 fidas
969 545 1003 616 in
1040 547 1082 614 ἐι.
1119 541 1166 626 V,
1203 543 1258 613 ubi

73 671 223 760 Iegimus:
268 673 482 752 μνησθησομαι
518 673 604 738 τινῶν
639 671 897 754 παραδείγματος
930 667 1021 738 ἕνεκα
1048 667 1102 737 καί
1134 669 1261 736 ἐπαίνου

72 793 186 858 δικαίου
223 793 276 859 καί
311 795 354 876 τῷ
388 795 473 876 κοινῷ
501 793 561 876 βίῳ
594 791 818 876 συμφέροντος,
849 787 886 858 ἵν’
916 793 942 858 οί
969 793 1025 872 μέν
1051 791 1169 872 πονηροί
1198 792 1258 856 τῶν

73 917 231 995 α’νθριθτων
261 915 312 980 tra
343 923 398 991 τῆς
429 915 514 980 κατόν
546 915 601 988 την
632 913 767 994 ἱστορίαν
789 913 1004 997 βλασφημίας
1026 912 1260 996 ἀποτρέπωνται

74 1043 126 1108 τῆς
157 1036 209 1100 ἐπὶ
241 1035 298 1110 την
327 1037 441 1101 κακίαν
469 1037 579 1116 imit,
603 1036 629 1100 ot
653 1035 679 1097 δ’
701 1034 813 1112 arctat
837 1034 888 1100 διὰ
910 1035 981 1108 τοὺς
1005 1034 1040 1098 ἐκ
1061 1037 1118 1107 τῆς
1142 1033 1261 1099 αίωνίου

75 1155 173 1236 ζωῆς
204 1157 348 1229 ἐπαίνους
382 1155 569 1237 αντέχεσθαι
603 1161 663 1220 τῶν
686 1156 789 1221 καλῶν
812 1152 1063 1234 ἐπιτηδευμάτων
1084 1153 1260 1236 όρέγωνται.

74 1275 121 1341 In
143 1275 227 1342 haec
250 1277 428 1366 significare
450 1287 603 1366 possunt:
638 1276 689 1340 διδ
711 1275 782 1350 τοὺς
805 1276 839 1342 ἐκ
862 1281 921 1341 τῶν
943 1276 992 1342 αεὶ
1017 1275 1133 1359 ζώντων
1155 1274 1261 1356 ἐνθροί·

75 1417 135 1462 των
166 1395 333 1468 ἐταίνουςί
380 1395 518 1463 Multum
542 1395 665 1461 dubito.
715 1395 858 1463 Fortasse
881 1397 1015 1487 scriptor
1038 1395 1186 1463 dederat:
1211 1394 1262 1460 δια

75 1518 143 1590 τοὺς
162 1518 199 1581 ἐκ
217 1524 275 1593 τῆς
292 1517 411 1582 αίωνίου
430 1517 591 1596 μνήμης
612 1518 771 1594 ἐπαίνους,
790 1517 813 1583 i.
835 1539 864 1583 a.
883 1518 1084 1597 δειμνιίστονς
1104 1517 1262 1592 ἐπαίνους,

78 1637 116 1702 d.
141 1637 182 1702 Ir.
210 1635 322 1703 xvlll
347 1636 434 1726 (libri
459 1631 596 1720 XXIII)
621 1661 654 1727 p.
680 1640 723 1704 60
747 1661 791 1702 ιε.
818 1641 851 1704 8.

117 1758 172 1823 rr.
213 1757 259 1823 vl
296 1757 375 1846 (V):
412 1756 458 1823 ότι
494 1757 616 1832 Κόιντος
652 1757 843 1832 Σκαιουόλας
876 1759 1030 1838 μεγίστην
1064 1758 1264 1836 εἰσηνέγκατο

75 1879 205 1955 σπουδὴν
242 1877 293 1944 διὰ
328 1887 384 1954 τῆς
419 1879 500 1953 ίδίας
533 1881 643 1961 οέρετῆς
671 1878 881 1960 διορθώσασθαι
910 1881 965 1955 τίον
983 1878 1172 1964 φαυλότητα
1194 1885 1263 1946 τοῦ

77 1999 178 2079 ζήλου.
227 1997 448 2090 supplendum
473 1997 613 2066 ridetur:
639 2003 693 2066 τοῦ
715 1997 836 2087 (τότε)
860 1999 964 2082 ζίλου.

120 2123 176 2188 rr.
196 2121 283 2188 er.
301 2124 362 2186 10:
389 2113 420 2195 ἐς
439 2115 475 2194 ἦν
498 2120 588 2194 Γοίιος
609 2121 851 2201 ἐπικαλούμενος
871 2120 903 2186 δέ
920 2120 1061 2201 Λόγγος.
1097 2120 1168 2211 Ipse
1180 2133 1264 2187 certa

78 2242 232 2308 Diodorus
254 2243 299 2308 sic
320 2241 456 2308 scribere
479 2265 544 2307 non
562 2243 680 2333 pctuit3
703 2263 778 2307 nam
796 2242 957 2309 Graecum
977 2255 1043 2309 est:
1070 2233 1102 2316 ἐς
1122 2238 1156 2318 ἦν
1174 2240 1264 2316 Γοίιος

81 2365 171 2452 (μὲν
194 2361 347 2452 ὄνομα),
368 2363 607 2444 ἐπικαλούμενος
627 2364 659 2429 δέ
675 2363 813 2443 Λόγγος.
839 2363 911 2430 Mox
930 2363 1119 2454 legendum:
1142 2371 1267 2442 σημεῖον

78 2487 109 2551 δέ
138 2491 196 2558 τῆς
229 2485 301 2562 μέν
324 2485 486 2564 εὐσεβείας
510 2485 574 2550 xri.
623 2483 678 2550 Vs.
706 2487 769 2552 16:
794 2483 830 2550 τδ
853 2483 965 2560 δέτῆς
988 2485 1130 2559 παιδείας
1154 2485 1264 2552 τεκαὶ

77 2603 310 2688 φιλανθρωπίας
333 2603 369 2670 τδ
393 2605 599 2685 προτιμᾶσθαι
623 2605 697 2685 παρ’
720 2603 805 2686 αὐτῷ
828 2603 1037 2686 περιττότερον
1058 2606 1129 2680 τοὺς
1149 2631 1266 2672 πεπαι·

79 2725 250 2806 δεομένους.
297 2725 407 2792 Malim
436 2747 511 2791 cum
542 2723 726 2790 Dindorfio:
752 2733 809 2802 τῆς
833 2725 864 2792 δέ
887 2725 1030 2800 παιδείας
1055 2727 1137 2804 κτέ.,
1160 2725 1264 2793 deleto

78 2845 223 2913 articulo.
272 2843 360 2912 Idem
386 2859 470 2912 recte
483 2846 545 2946 Ικαὶ
571 2845 815 2936 expungendum
838 2869 904 2913 csse
926 2845 1046 2913 iudicat
1067 2847 1101 2912 in
1125 2847 1189 2914 fine
1212 2871 1266 2914 cx-

77 2968 196 3058 rcrpti:
241 2967 294 3033 καὶ
338 2965 445 3032 ποίντα
484 2971 680 3049 φιλοτεχνῶν
726 2965 807 3055 [καί]
853 2967 926 3050 πρός
968 2966 1168 3050 ἐπανόρθωσιν
1208 2977 1264 3044 τῆς

79 3087 248 3170 ἐπαρχίας.

126 3209 182 3275 Fr.
208 3207 271 3274 XII
294 3209 364 3274 init.
390 3207 580 3298 legendum:
607 3209 661 3283 την
688 3207 769 3296 (μὲν)
793 3209 1006 3294 συκοφαντίαν
1028 3212 1093 3277 κτέ.
1144 3211 1182 3277 In
1203 3211 1266 3276 iine

80 3353 230 3420 reponas:
256 3330 510 3404 ἀποκατέστησε
533 3343 591 3420 pro
613 3330 879 3407 οίπεκατέστησε.

123 3451 180 3516 Fr.
210 3449 290 3516 XIII
312 3461 390 3516 crtr.
418 3449 508 3537 (IX):
534 3451 676 3531 ἀκρίτως
700 3451 833 3533 οὶνηρέθη.
881 3453 984 3544 Lege:
1010 3452 1142 3533 ἄκριτος.
1187 3449 1267 3516 an-

79 3585 184 3636 terum
206 3569 341 3637 Gracchi
362 3569 559 3651 ἀπόφθεγμα
579 3593 643 3637 non
660 3571 809 3662 expedio:
832 3573 891 3640 κίον
906 3571 1047 3639 οίποθοίνω
1063 3574 1097 3638 οὐ
1116 3571 1266 3653 διαλείψω

81 3695 116 3759 τὸ
148 3689 241 3774 ξίφος
272 3689 347 3757 θπδ
377 3699 432 3766 τῆς
464 3695 646 3772 πλευροῖς
669 3697 729 3757 τῶν
752 3695 967 3772 συγκλητικῶν
990 3692 1166 3775 διηρμένον.
1214 3692 1268 3758 In-

79 3813 277 3903 telligerem,
302 3813 327 3877 si
351 3811 540 3878 scriberetur
563 3812 595 3876 in
618 3811 706 3877 hunc
722 3811 874 3878 modum:
897 3816 930 3880 οὐ
949 3809 1101 3895 διαλείψω
1121 3813 1157 3880 τὸ
1176 3811 1267 3896 ξίφος

79 3933 190 4000 κατὰ
213 3941 260 4009 πῆ
269 3959 284 4006 ς
307 3937 489 4013 πλευρᾶς
513 3938 570 3998 τῶν
594 3939 807 4011 συγκλητικῶν
831 3931 1029 4016 διηρμένος,
1053 3933 1168 4000 collato
1192 3933 1269 4000 Plu·

78 4053 182 4120 tarchi
204 4053 275 4119 loco
297 4053 329 4118 in
355 4055 417 4119 rita
445 4051 573 4119 camilti
597 4075 625 4119 c.
652 4057 716 4121 27:
742 4052 887 4127 Μθλλιος
909 4089 955 4104 —-
977 4057 1164 4132 θπαντιίσας
1188 4057 1270 4122 δυσίν

76 4179 153 4254 ἐμοῦ
185 4179 243 4240 τῶν
270 4174 427 4253 πολεμίων
450 4177 503 4240 τοῦ
526 4175 584 4254 μέν
607 4171 725 4256 ἔφθασε
749 4173 959 4256 διηρμένον
982 4175 1095 4242 κοπίδα
1117 4179 1160 4258 τῷ
1182 4174 1268 4258 ξίφει

78 4301 131 4372 την
157 4295 261 4374 δεξιὰν
285 4295 450 4377 ἀποκόψας
474 4297 560 4373 κτέ.;
582 4296 624 4361 cI.
647 4295 731 4361 Plut.
751 4295 825 4384 Lys.
846 4299 886 4361 15
907 4307 940 4362 at
960 4296 1092 4364 Lucian.
1111 4297 1186 4363 Tox.
1211 4299 1266 4362 40.

79 4417 165 4484 Hinc
185 4417 415 4483 substantivum
438 4415 551 4498 δίαρσις
576 4415 660 4506 apud
680 4415 791 4505 Polyb.
818 4417 873 4483 11:
890 4422 952 4483 33:
979 4421 996 4495 ἦ
1018 4419 1051 4484 ἐκ
1075 4416 1268 4498 διοίρσευς

77 4538 193 4622 μάχη,
228 4540 251 4604 i.
284 4561 314 4604 e.
342 4537 526 4627 (interprete
551 4535 845 4628 Schweighauscro)
864 4561 990 4630 μαριυς
1013 4559 1101 4626 quae
1115 4539 1167 4626 fit
1192 4562 1268 4604 cac-

80 4663 146 4724 σὺν
175 4658 347 4746 feriando
379 4659 506 4750 (nempe
540 4657 670 4748 gladio).
720 4657 897 4750 Componas
928 4679 1001 4724 cum
1032 4658 1055 4724 l.
1087 4679 1122 4728 n.
1155 4660 1194 4726 fr.
1227 4653 1270 4723 LI

1014 4779 1052 4834 1⁷.
