2990 5012
681 452 723 518 33

188 641 333 724 Onatnor
362 639 414 719 ni,
448 660 531 729 quos
564 639 704 718 inserui,
738 659 850 708 versus
882 641 951 707 sine
975 641 1105 709 nomine.
1127 641 1268 710 auctoris

144 761 297 846 leguntur
319 759 403 846 apud
429 757 625 826 Clementem
651 754 901 823 Alexandrinum
919 755 1067 824 Stromat.
1087 780 1117 846 p.
1135 761 1198 824 302
1218 761 1267 826 od.

144 874 245 963 sylb,
272 873 327 940 sed
353 884 384 940 et
408 871 571 939 Menandri
598 889 669 937 esse
695 879 727 937 cl
752 891 788 936 ex
807 871 867 936 boc
891 873 962 958 ipso
978 871 1049 938 loco
1066 871 1269 962 desumptus,

144 987 254 1078 pauci,
282 987 416 1076 opinor,
442 986 615 1072 negabunt.
641 985 696 1052 Vel
713 985 772 1052 boc
798 984 1008 1073 probabiliter
1032 996 1174 1054 statuere
1191 987 1268 1054 mibi

144 1103 271 1181 videor,
296 1102 458 1188 integrum
485 1101 590 1167 locum
615 1097 691 1166 olim
715 1100 834 1166 lectum
853 1099 952 1167 luisse
977 1099 1008 1168 in
1033 1101 1199 1171 notissima
1219 1103 1268 1170 illa

142 1217 265 1294 fabula,
291 1236 373 1304 quae
399 1215 635 1284 inscribebatur
659 1217 884 1299 Δειοιόαίμωκ.
933 1213 985 1282 Vs.
1012 1219 1052 1282 lb
1077 1215 1197 1285 Cobeto
1214 1219 1270 1286 ob·

143 1341 275 1402 secutus
299 1332 432 1420 reposui
456 1335 652 1416 τιθέμεθα
679 1369 719 1380 -
745 1359 852 1410 τινος
875 1349 933 1418 pro
958 1329 1106 1398 codicum
1132 1333 1269 1402 lectione

143 1451 371 1532 τιθέμενοι
392 1483 436 1494 -·
457 1473 583 1524 τινες.

188 1561 258 1641 Ouo
283 1562 434 1650 pauciora
467 1581 505 1628 ex
538 1559 767 1649 elegantissimi
796 1572 909 1647 poetae
935 1560 1049 1628 l’abulis
1074 1576 1268 1652 supersunt,

142 1697 181 1744 eo
213 1673 336 1744 maiore
368 1695 445 1742 cura
479 1673 575 1761 digna
609 1683 702 1751 sunt,
739 1693 823 1760 quae
859 1695 954 1741 casus
988 1676 1081 1742 nobis
1121 1679 1267 1746 scrmrvit.

143 1791 237 1858 Multa
266 1791 327 1858 iam
353 1789 488 1857 feliciter
520 1788 733 1856 emendarunt
763 1787 942 1866 Bentleius‚
969 1789 1125 1870 Mainake,
1151 1793 1268 1868 Cobet,

142 1904 210 1986 alii;
235 1904 292 1972 sed
316 1905 502 1973 etiamnunc
527 1901 685 1991 quaedam
712 1903 743 1970 in
768 1903 830 1970 boc
855 1921 974 1990 genere
1006 1907 1128 1993 agenda
1153 1931 1267 1997 supcr-

143 2031 228 2088 sunt.
277 2021 312 2086 ln
335 2039 375 2087 eo
399 2039 535 2086 numero
571 2028 620 2086 est
653 2017 848 2086 Adulutorc'a
872 2019 1088 2106 liagmentum
1114 2043 1164 2112 ap.
1194 2025 1266 2093 Ath.

144 2135 182 2202 lv
206 2157 235 2226 p.
262 2137 326 2203 659
352 2133 406 2214 b,
431 2134 519 2223 quod
544 2133 591 2201 sic
616 2133 859 2221 corrigendum:

588 2261 677 2327 θεοῖς
700 2253 889 2336 Ὀλυμπίοις
911 2256 1083 2340 εὐχώμεθα

279 2368 532 2453 Ὀλυμπίῃσι
561 2377 638 2434 πᾶσι
663 2376 862 2456 πάσῃσιν·
886 2367 986 2457 λάβε
1011 2377 1074 2436 κοί.

143 2501 201 2568 pt'o
226 2481 498 2566 Ὀλυμπίαισι
529 2517 567 2528 -
602 2491 778 2558 πάσαις·
808 2481 1010 2569 λάμβανε.
1058 2481 1153 2550 Moris
1183 2484 1266 2552 enlm

142 2595 201 2662 luit
231 2595 317 2684 apud
349 2593 561 2662 Athenienses
595 2593 627 2660 in
660 2593 708 2661 bis
733 2594 877 2683 precium
907 2597 1053 2664 formulis
1090 2605 1202 2680 ἰάζειν,
1233 2613 1268 2668 ιιι

141 2721 276 2800 apparel
299 2732 337 2778 er
363 2709 485 2777 Auium
510 2712 761 2778 llmsrornnnts
785 2732 829 2777 vs.
857 2713 920 2777 866
946 2732 1035 2800 squ:

187 2834 242 2894 καί
264 2833 387 2912 ὄρνισιν
401 2826 592 2909 Ὀλυμπίοις
612 2827 696 2910 [καὶ]
713 2824 905 2912 ’Ὀλυμπίῃσι
930 2837 1007 2894 πᾶσι
1024 2829 1109 2914 [καί]
1128 2841 1267 2916 πάσῃσιν

142 2953 224 3020 κτλ,
257 2940 311 3008 ubi
335 2940 384 3008 bis
416 2939 551 3008 delenda
579 2950 628 3007 est
658 2941 782 3029 copula.
830 2941 930 3020 Quem
964 2943 1143 3012 Atticorum
1172 2967 1264 3014 usum

141 3057 330 3144 ignorantes
354 3054 473 3124 librarii
499 3056 584 3122 ultro
600 3067 818 3146 corruperunt
840 3058 945 3125 locum
969 3059 1198 3148 Tbeantopbor.
1218 3085 1264 3128 rs.

142 3173 205 3237 331
232 3191 320 3261 sqq.‚
346 3168 401 3238 ubi
426 3169 616 3257 legendum:

319 3291 465 3375 Εὔχεσθε
491 3296 558 3364 τοῖς
584 3295 688 3352 θεοῖσι
716 3295 783 3360 τοῖς
808 3283 999 3369 Ὀλυμπίοις

320 3407 375 3466 καί
399 3413 510 3485 τῇσιν
537 3401 791 3486 Ὀλυμπίῃσι
821 3407 876 3466 καί
903 3411 969 3477 τοῖς
993 3409 1139 3481 Πυθίοις

320 3523 374 3581 καί
400 3527 485 3599 τῇσι
509 3520 703 3601 Πυθίῃσι
729 3520 783 3580 καί
807 3525 875 3592 τοῖς
900 3517 1034 3602 Δηλίοις

321 3636 375 3696 καί
401 3643 484 3714 τῇσι
509 3629 689 3716 Δηλίῃσι
714 3637 782 3706 τοῖς
808 3629 836 3695 τ’
856 3629 970 3706 ἄλλοις
994 3641 1092 3709 θεοῖς.

186 3743 350 3810 Lacunam
379 3740 536 3830 probabili
565 3741 751 3809 coniectura
780 3741 915 3830 explebo
944 3743 976 3810 in
1008 3745 1154 3814 eiusdem
1184 3751 1267 3834 liau-

140 3869 267 3935 mento,
285 3857 373 3945 quod
398 3877 435 3924 ex
462 3855 524 3952 Iro
541 3867 701 3924 servatum
726 3856 766 3923 ab
790 3856 955 3925 Athenaeo
974 3859 1010 3924 vt
1040 3881 1070 3948 p.
1091 3863 1153 3925 247
1173 3860 1196 3926 E
1222 3861 1267 3928 sic

140 3973 347 4040 scribendum
377 3991 541 4060 propono:

186 4092 276 4158 τοῦθ’
297 4096 421 4174 ἑταῖρός
445 4093 531 4156 ἐστιν
556 4093 672 4164 ὄντως·
697 4091 754 4154 ουκ
777 4095 898 4175 ε’ροοτᾲ,
922 4095 1046 4175 πηνίκα

185 4207 318 4272 δεῖπνόν
343 4209 446 4278 ἐστιν,·
472 4205 576 4285 ὥσπερ
601 4205 715 4287 ἕτεροι,
741 4209 796 4268 καί
824 4207 853 4269 τί
883 4205 1030 4271 δειπνεῖν
1056 4210 1169 4273 κωλείει

186 4329 260 4400 τούς
283 4329 463 4408 naporum
486 4318 557 4388 είτοι
581 4321 715 4390 δεῖπνον
736 4324 846 4407 ἕτερον
872 4327 917 4397 είς
945 4326 1057 4408 τρίτην
1080 4321 1208 4408 βλέπει.

188 4433 286 4516 (εἶτα
307 4436 426 4504 πάλιν
443 4434 841 4523 ἀριστόδειπον,)είτοι
862 4439 1117 4520 περίδειπνον
1133 4436 1266 4504 πάλιν.
1345 4443 1347 4450 ’

190 4549 313 4620 Etenim
346 4561 414 4620 tum
448 4549 596 4620 facillime
632 4551 709 4620 haec
746 4549 895 4618 excidere
922 4559 1098 4643 potuerunt
1137 4557 1268 4641 propter
