2944 5002
657 357 696 422 71

95 549 126 614 h.
150 548 170 613 l.
197 567 306 612 ornnes
330 568 416 614 meos
440 558 570 612 conatus
592 544 709 626 illusit,
734 557 829 611 etan
853 567 887 612 re
910 567 984 614 rena
1001 569 1046 630 χη
1067 549 1128 613 sint
1147 547 1277 615 ultimae

95 669 170 736 duae
200 669 325 734 litterae
359 691 400 734 ne
435 667 591 733 affirmare
626 666 755 756 quidem
785 667 897 733 ausim.
945 665 1058 734 Solum
1087 665 1148 742 ἦτα
1172 668 1277 736 ridere

95 789 169 855 mibi
194 789 336 855 videbar.
385 789 528 854 Fortasse
558 787 611 854 alii
643 788 804 877 continget
834 811 941 855 veram
971 789 1142 856 lectionem
1167 811 1277 855 eruere

96 911 205 976 collato
240 909 366 998 Polybii
400 909 488 988 loco,
523 907 609 974 unde
640 907 721 975 haee
748 920 852 975 sumta
882 922 966 976 sunt.
1015 910 1124 976 Exstat
1148 911 1182 976 in
1205 910 1279 976 libri

98 1030 198 1097 mv
222 1055 289 1097 erc.
313 1035 333 1096 9
355 1054 373 1095 a
392 1032 437 1097 sie
458 1031 612 1120 scriptus:
638 1029 730 1104 αὐτὸς
755 1027 816 1113 ἔφη
829 1030 938 1110 λαβὼν
954 1031 1014 1105 πάις
1035 1039 1120 1104 κλεῖς
1135 1029 1279 1108 άνοίξειν·

95 1151 181 1226 αὐτὸς
204 1153 270 1233 γάρ
296 1152 362 1238 (καί
386 1150 501 1238 insere)
521 1151 618 1222 οιίτιος
638 1151 799 1230 γεγονέναι
818 1155 872 1217 τοῦ
890 1153 1030 1218 νλεῒσίαι
1043 1152 1077 1238 (l.
1091 1151 1280 1241 κεκλεῖσθαι)

96 1275 128 1338 τά
156 1280 309 1350 ταμιεῖον.
352 1271 497 1362 Spatium
525 1269 675 1338 vocabuli
700 1269 825 1336 evanidi
849 1271 934 1362 quod
958 1285 1005 1338 est
1027 1284 1146 1362 septem
1170 1285 1280 1338 octove

97 1393 290 1471 litterarum,
306 1415 371 1458 nun
383 1393 467 1460 male
482 1393 660 1484 expleretur
672 1392 854 1459 scribendo:
874 1393 968 1466 αὐτὸς
984 1393 1047 1474 γάρ
1068 1395 1105 1458 ἕί
1116 1393 1179 1459 ίλ”
1199 1394 1234 1482 (i.
1248 1417 1279 1460 e.

96 1511 214 1601 ἐίίλειν)
239 1512 316 1598 ἔφη
339 1513 399 1588 τάς
422 1523 506 1586 κλεῖς
526 1512 818 1595 παραλαμβάνειν
838 1517 878 1588 νίς
894 1517 984 1580 τοῦτο
1005 1511 1145 1595 πράξων,
1166 1513 1221 1581 sed
1237 1515 1281 1580 ita

95 1637 246 1701 coniicere
257 1634 308 1700 rix
320 1633 414 1714 licet,
435 1647 607 1724 antequam
628 1635 822 1715 eonstiterit,
844 1633 1003 1724 quomodo
1021 1637 1055 1700 in
1077 1635 1184 1701 codiee
1204 1636 1281 1701 seri·

94 1755 183 1821 batur
200 1755 283 1821 illud
302 1755 455 1836 verbum,
481 1755 566 1845 quud
585 1756 699 1823 leniter
715 1756 889 1822 immutavi.
923 1756 995 1846 Ipse
1018 1755 1147 1845 quidem
1159 1755 1282 1821 nnllam

94 1877 146 1943 bie
165 1875 374 1943 animadverti
397 1897 470 1942 cunr
493 1875 584 1942 editis
607 1875 837 1954 differentiam,
859 1875 912 1943 sed
933 1877 1087 1966 scriptura
1100 1877 1133 1940 in
1146 1875 1280 1941 haeim-

92 1999 199 2088 pn'mis
221 1999 350 2089 regione
373 1997 417 2063 ita
440 1998 586 2076 euanuit,
612 2010 648 2063 ut
671 2021 709 2064 ea
721 2021 755 2063 re
767 1995 849 2063 nibil
861 1997 990 2062 omnino
1002 1996 1164 2086 probetur.
1203 1993 1281 2062 Cer-

94 2121 153 2185 tins
185 2133 232 2185 est
261 2141 306 2184 rs.
334 2122 377 2185 at
399 2117 569 2208 legendum
593 2141 675 2184 esse:
701 2121 734 2184 οὐ
757 2117 821 2200 γάρ
845 2119 1007 2201 ὀφείλειν
1033 2119 1104 2208 (pro
1127 2116 1280 2204 ὀφείλει)

95 2247 154 2314 τοῖς
189 2237 298 2314 ἄλλοις
334 2240 441 2319 ὁμοίως
473 2240 531 2305 dard
560 2241 612 2306 τδν
643 2237 815 2319 ἐξετασμὸν
839 2239 984 2318 πίστεως
1010 2241 1171 2331 pertinent
1194 2241 1281 2306 eninr
1357 2275 1358 2278 ¹

94 2361 172 2428 baec
203 2359 301 2427 rerba
330 2359 370 2426 ad
400 2360 541 2427 Africani
571 2359 799 2428 defensionem.
847 2361 969 2428 Deinde
999 2385 1044 2427 rs.
1077 2366 1120 2427 36
1148 2361 1279 2427 malim:

95 2483 145 2547 καί
170 2479 383 2563 καταπράξας
406 2487 518 2548 τοῦτο
542 2505 599 2572 pro
623 2483 730 2559 αὐτὸ,
754 2493 786 2548 et
808 2506 841 2572 p.
865 2486 909 2548 73
933 2506 977 2547 rs.
1006 2487 1020 2547 1
1048 2481 1278 2572 suppleverim:

94 2605 179 2684 ἤρετο
223 2605 288 2676 πῶς
322 2608 382 2668 τῶν
417 2603 500 2692 (μὲν)
536 2603 790 2682 δεδαπανημένων
822 2605 1001 2686 τρισχιλίων
1035 2601 1197 2668 ταλάντων
1231 2603 1283 2670 τὸν

91 2725 186 2802 λόγον
221 2726 406 2802 ἀπαιτοῦσι,
434 2730 494 2789 τῶν
525 2723 692 2805 δὲ·μνρίων
724 2723 778 2790 καὶ
811 2723 1085 2790 πεντακοσίων
1115 2759 1161 2773 -
1190 2723 1283 2802 λίνον

91 2845 144 2910 οὐκ
175 2846 373 2910 ἀπαιτοῦσιν.
421 2841 570 2932 Polybius
600 2843 624 2911 l.
657 2844 679 2910 l.
712 2842 827 2910 babet:
858 2844 968 2926 μορίων
998 2845 1050 2910 καί
1074 2869 1283 2912 πεντακισ-

92 2965 246 3046 χιλίων
270 2965 400 3030 fortasse
423 2967 548 3031 rectius.

137 3087 196 3151 Fr.
228 3084 318 3151 XXV
349 3109 394 3151 rs.
433 3089 494 3151 12:
529 3085 650 3170 σφοδρά
671 3087 734 3168 γάρ
755 3089 781 3153 οἱ
803 3088 949 3167 βασιλεῖς
972 3083 1052 3153 οὗτοι
1079 3086 1118 3175 (οἱ
1142 3088 1209 3168 περί
1232 3088 1284 3152 τὸν

89 3206 270 3292 Ἄτταλον)
293 3207 492 3290 φιλορώμαιοι
516 3209 706 3281 καθεστῶτες
727 3247 772 3258 -
796 3206 841 3274 ἔτι
864 3209 896 3275 δὲ
918 3209 989 3280 τοὺς
1013 3207 1284 3289 παραβάλλοντας

92 3335 152 3394 τῶν
186 3305 347 3408 Ῥωμαίῖον
370 3329 414 3402 εἷς
437 3331 492 3404 την
515 3329 720 3409 βασιλίδα
742 3328 960 3410 ὑποδεχόμενοι
984 3327 1282 3413 Φιλανίρωπίσατα,

91 3449 444 3530 μεγίστης”άποδοχι”ρ·ς
471 3447 614 3526 ἠξιοῦντο.
663 3449 901 3517 substantivum
933 3452 1018 3518 enirn
1047 3450 1175 3529 βασιλίς
1207 3471 1284 3515 eon-

91 3583 219 3637 stanter
240 3571 398 3659 significat
420 3575 545 3660 regina
568 3593 632 3636 non
656 3593 798 3661 regnum
822 3595 900 3652 nee,
926 3570 1010 3661 quod
1033 3571 1193 3636 nonnullis
1216 3569 1285 3660 pla·

19 3719 21 3772 ρ
92 3713 167 3758 eere
202 3691 312 3770 rideo,
344 3691 454 3779 regia.
505 3691 608 3777 Quare
641 3692 859 3782 reponendum
881 3691 1023 3757 ridetur:
1050 3693 1092 3764 είς
1116 3691 1171 3767 την
1194 3691 1285 3771 βασι·

19 3825 21 3868 ί
90 3815 160 3880 λεί
167 3833 236 3888 αν;
261 3835 343 3902 quae
363 3812 516 3900 vopabula
535 3811 676 3902 pendant
694 3837 712 3877 a
733 3815 847 3903 partie.
872 3809 1141 3894 παραβάλλοντας
1161 3835 1225 3878 non
1246 3813 1286 3879 ab

90 3935 332 4015 ὑποδεχόμενοι.
357 3933 583 4024 Intelligendos
603 3957 668 4001 esse
688 3939 745 3999 τῶν
767 3933 924 4014 Ῥωμαίων
935 3935 1004 4009 τοὺς
1017 3933 1286 4019 ἐπιφανεστάτους

92 4057 180 4121 ultro
221 4067 363 4144 apparet.
427 4053 612 4144 Sequuntur
645 4055 742 4121 haee:
781 4055 826 4120 δι’
858 4051 902 4119 ὧν
942 4056 993 4121 καί
1032 4062 1091 4121 τῶν
1129 4055 1287 4137 πρέσβεων

91 4177 249 4243 ἁπάντων
277 4179 294 4252 ἦ
327 4175 500 4253 σύγκλητος
529 4175 742 4241 άιιοιίσασα
773 4176 826 4242 καί
858 4173 1001 4254 μάλιστα
1025 4177 1199 4244 σπεύδοντα
1223 4182 1286 4248 τοῖς

88 4297 162 4378 περί
195 4295 252 4361 τίν
285 4298 410 4374 Εὐμενῆ
437 4296 605 4376 βασιλεῦσι
633 4297 814 4379 χαρίζεσθαι
839 4305 971 4379 προσηνῆ
993 4298 1109 4372 τούτοις
1132 4297 1186 4370 πάιν
1208 4295 1286 4361 άπά-

19 4417 20 4430 ί
88 4443 189 4498 πρισιν
227 4415 402 4492 ἐποιήσατο.
451 4415 578 4506 Duplici
600 4415 679 4483 haec
702 4417 797 4484 rerba
816 4418 932 4484 mendo
955 4417 1113 4498 laborant;
1136 4437 1210 4481 narn
1229 4439 1286 4506 pro

85 4539 129 4604 δι’
154 4537 196 4605 ὧν
225 4535 427 4604 scribendum
451 4561 517 4605 esse
539 4539 582 4604 διδ
605 4554 636 4605 s:
649 4549 863 4631 propterea,
885 4541 956 4606 satis
977 4541 1079 4627 arguit
1099 4559 1195 4602 uerus
1216 4559 1287 4602 ora-

88 4663 205 4742 tionis;
236 4658 314 4748 quid
338 4681 410 4726 vero
431 4681 488 4750 pro
512 4660 674 4728 duodenae
699 4661 876 4750 requiratur
898 4657 1056 4724 docebunt
1075 4655 1137 4720 loci
1157 4655 1285 4743 quidam
