2946 5014
630 355 692 415 aot

81 541 205 606 ἐπιτείνει
234 543 289 615 τὴν
320 542 385 622 περί
417 539 573 622 πρόσωπον
605 539 770 618 ὁριοιίτιιπα
792 537 888 619 μικροί
912 563 980 604 τινα
1005 545 1062 604 τῶν
1087 541 1244 621 ὑποκειμέ·

82 685 125 726 νυν
150 661 316 741 συμβίλιον
346 663 413 728 καί
442 665 459 738 ἡ
491 661 571 744 ῥυτίς
596 660 645 724 ἐπὶ
668 663 722 725 τοῦ
744 659 887 738 μετώπου
909 659 1203 742 διακεχαραγαέυιρ,
1228 665 1246 739 ἢ

83 783 249 854 τιςίονίος.
297 782 479 850 Soributur:
513 784 559 854 ὣς
591 781 609 857 ἢ
640 781 722 862 ῥυτίς
755 779 843 870 (τις)
873 782 935 846 κτὲ.
984 781 1107 846 Ibidem
1136 783 1177 850 fr.
1202 789 1245 850 ts

82 923 117 965 ts.
150 907 170 968 6
204 903 331 970 malim:
369 901 542 969 κατίδυσαν
576 901 634 974 είς
674 901 743 989 (pro
767 899 830 987 ἐπὶ)
855 898 915 973 τὰς
938 902 1153 978 Μακεδονικὰς
1174 908 1247 985 λίρι·

79 1045 133 1096 νος.

23 1183 24 1186 =
117 1144 187 1234 Peg.
223 1143 304 1223 bob,
336 1143 413 1210 ibid.
446 1167 489 1208 ss.
526 1145 588 1208 11:
621 1139 720 1222 ὥσπερ
744 1149 806 1214 τοῖς
830 1143 971 1214 ίστακοῖς
995 1144 1050 1218 τὴν
1074 1148 1174 1225 χολὴν
1196 1149 1248 1213 καί

23 1643 24 1680 2
80 1627 187 1692 vicina:
220 1630 256 1693 οιί
285 1628 447 1707 βασιλεῖαι
478 1626 515 1691 τὸ
543 1625 646 1700 ίνκτδν
676 1628 845 1690 σκοποῦσαι
875 1625 947 1705 πρὸς
969 1624 1005 1690 πί
1029 1625 1083 1700 ἡδὺ
1107 1629 1250 1711 καταφέ·

23 1711 25 1800 t

80 1891 136 1932 σοι.
181 1868 322 1934 Verbum
359 1866 565 1948 παρεκλέγειν
603 1865 778 1954 significat:
821 1866 910 1930 clam
944 1866 1087 1953 aliquid
1115 1869 1248 1956 lepore,

81 1273 133 1339 τοῖς
157 1265 248 1348 ροδοῒς
278 1265 426 1339 οίιιοίνίιις.
475 1265 575 1353 Lege:
600 1263 677 1336 τίος
700 1261 837 1335 οἶκοίνίας
861 1275 893 1329 et
915 1285 987 1327 mor
1010 1263 1043 1328 in
1066 1265 1245 1334 vocabulis:

52 1381 144 1504 ὀίίτο
188 1393 260 1459 ταῖς
302 1383 455 1462 ἐξουσίαις
495 1384 792 1465 συρικατασπείρας
834 1383 890 1458 τίρν
935 1383 1036 1459 ἡδονὴν
1079 1399 1250 1475 reponatur

80 1506 347 1587 ἐγκατασπείρας.
396 1505 578 1571 Graviorem
611 1503 718 1570 labem
753 1524 843 1592 passa
874 1525 940 1569 esse
974 1503 1122 1570 videntur
1155 1508 1249 1573 rerba

79 1771 182 1828 ρονται,
205 1748 240 1812 rb
263 1755 317 1823 τῆς
340 1745 428 1824 δίξνις
452 1745 603 1812 οἱίοίνατον
625 1747 679 1810 οὐκ
703 1742 903 1826 ἐξετάζονται
926 1745 979 1809 καί
1004 1747 1251 1827 παρεκλέγον-

81 2011 105 2052 s.
125 1993 344 2078 conquirere,
364 1991 472 2078 itaque
496 1987 618 2052 abhoc
641 1987 711 2052 loco
735 1998 782 2054 est
806 1986 956 2052 alienum.
1006 1985 1056 2052 An
1078 1987 1159 2054 forte
1183 2011 1249 2055 cor·

23 2159 24 2168 ,
81 2107 256 2198 figendum:
290 2109 343 2176 καί
375 2107 682 2190 παραβλέπουσαι
705 2108 728 2174 i.
754 2131 784 2176 e.
810 2115 844 2172 ct
865 2106 1101 2198 spernentes?
1147 2110 1185 2174 ln
1208 2111 1247 2175 fr.

23 2311 25 2380 ί

81 2235 117 2296 59
142 2255 149 2295 :
177 2239 190 2296 l
217 2233 372 2298 sententia
402 2229 557 2320 postulat,
590 2243 627 2295 ut
652 2229 813 2319 legamus:
845 2226 890 2294 ὅτι
914 2229 1059 2310 ίλισίκρί
1067 2253 1183 2311 τερον
1206 2269 1251 2282 --
1363 2293 1365 2298 .

23 2421 24 2428 ς
80 2353 124 2417 καί
156 2355 384 2436 σφαλερώτερον
417 2349 568 2431 ἄνθρωπος
603 2351 675 2430 πρὸς
709 2351 801 2430 πιριίρν
834 2351 852 2425 ἢ
883 2349 1064 2434 πυροφοροίν,
1095 2374 1171 2442 pro:
1204 2347 1249 2420 ίτι

80 2473 217 2553 ὀλισθηρὸν
249 2473 312 2538 κτὲ.
362 2471 526 2538 Praeterea
558 2493 630 2536 vero
654 2470 829 2560 repetenda
860 2473 1048 2561 praepositio
1079 2473 1152 2554 πρὸς
1177 2487 1250 2540 ante

80 2591 247 2676 συμφοροίν,
271 2593 319 2657 sin
342 2593 465 2670 minus,
491 2613 597 2657 sensus
624 2592 723 2656 oritur
745 2592 840 2681 plane
864 2590 1029 2656 absurdus.
1074 2591 1110 2657 ln
1134 2595 1249 2660 uicinia

81 2711 220 2779 nanetus
262 2711 350 2776 dedit
388 2711 517 2784 ἐλπίδας
553 2713 804 2786 ὑποτείνοντες
839 2735 896 2802 pro
931 2723 1071 2778 monstro
1105 2713 1250 2779 vocabuli

81 2833 334 2916 ὑποσείροιντες,
372 2832 457 2922 quod
491 2845 537 2897 ost
564 2834 598 2898 in
622 2833 697 2898 Maii
728 2832 877 2901 editione.
925 2833 1042 2900 Leuius
1071 2835 1252 2902 correxisset
1310 2839 1313 2848 '

80 2954 357 3036 ὑποσπείραντες,
383 2952 467 3043 quod
490 2955 594 3043 ipsum
617 2955 782 3020 manifesto
805 2956 921 3044 legitur
942 2956 976 3020 in
1000 2955 1070 3020 cod.
1097 2955 1170 3023 Vat.

121 3075 189 3167 Pag.
224 3079 305 3154 tlt,
334 3075 374 3141 ir.
408 3079 452 3140 60
479 3098 523 3140 rs.
559 3077 620 3140 18:
647 3075 781 3154 οὐδαμοῦ
806 3077 869 3156 γὰρ
893 3073 1073 3158 ἐξεφέρετο
1098 3075 1150 3141 καί
1176 3100 1252 3160 παρ-

81 3203 239 3274 εγυμνοῦτο
257 3195 301 3262 τδρ
322 3203 377 3270 τῆς
402 3195 603 3278 φιλονεικίας.
652 3195 771 3260 Verum
795 3195 919 3284 ridetur
941 3194 1159 3278 ἐξεφαίνετο.

122 3317 191 3408 Pog.
225 3321 307 3398 42¹,
340 3317 380 3383 ir.
410 3319 453 3383 62
483 3341 527 3382 vs.
563 3321 599 3382 4:
633 3316 667 3381 τὸ
691 3317 747 3396 μὲν
770 3315 864 3395 ὄνομα
889 3311 922 3390 ἦν
944 3321 1003 3382 τῶν
1021 3316 1193 3395 βασιλέοιν,
1217 3317 1251 3382 τὸ

81 3435 104 3497 δ’
126 3437 203 3519 ἔργον
225 3443 285 3504 τῶν
307 3439 364 3516 μὲν
387 3439 472 3504 κατδι
496 3438 550 3512 sio
575 3436 651 3520 ἑῴαν
673 3437 846 3521 Ῥουφίνου,
876 3435 918 3501 τοὶ
943 3436 968 3499 δ’
993 3437 1117 3518 ἑσπίρια
1142 3439 1252 3503 Στελί·

81 3581 167 3638 χιινος
188 3561 231 3632 εἰς
254 3557 386 3626 ίίπασαν
408 3557 557 3636 ἐξουσίαν.
604 3556 720 3624 Sensus
742 3558 941 3648 perspicuus,
967 3570 1113 3646 corrupta
1137 3571 1169 3622 et
1187 3558 1252 3623 for·

82 3689 151 3746 tasse
179 3681 284 3746 hiulca
315 3681 414 3745 oratio
445 3693 510 3758 est,
539 3681 592 3748 oui
622 3677 805 3757 medeatur,
831 3679 855 3742 si
878 3677 1013 3767 poterit,
1038 3677 1162 3743 futurus
1185 3679 1252 3744 Eu·

82 3802 156 3889 mpii
178 3802 291 3882 editor;
318 3825 376 3892 ego
400 3801 472 3866 satis
495 3800 596 3866 habeo
620 3823 764 3891 promere
787 3821 843 3878 ea,
870 3821 950 3889 quae
973 3797 1076 3864 subita
1105 3801 1252 3889 cogitatio

82 3917 154 3986 inter
186 3921 355 4012 legendum
389 3923 469 3988 mihi
503 3923 708 4013 suggesserit:
743 3921 841 3986 bonus
873 3919 965 3986 horas
997 3921 1031 3985 in
1061 3921 1120 3986 isto
1144 3943 1253 3990 emen-

83 4036 174 4108 dando
215 4065 400 4110 consumere
441 4043 527 4109 nolo.
586 4043 668 4130 Quid
714 4045 800 4109 enirn
843 4043 939 4108 facias
985 4043 1153 4131 scriptore,
1198 4046 1252 4134 qui

84 4182 145 4251 pag.
178 4169 257 4243 45⁸,
292 4164 332 4229 fr.
366 4167 406 4229 71
441 4187 485 4230 ss.
521 4168 561 4244 t,
593 4164 667 4230 dare
699 4165 820 4254 potuit:
856 4165 870 4228 ὁ
901 4164 957 4242 μὲν
983 4161 1033 4229 οὖν
1056 4162 1174 4245 Βοίργος
1198 4166 1252 4238 τίρν

84 4283 171 4364 ἀρχὴν
203 4284 375 4359 πιστευθείς
410 4285 496 4366 παροδ
531 4289 583 4350 τοῦ
618 4284 764 4367 εὐνούχου
799 4282 879 4367 ἓξρίει
914 4282 1008 4362 μοίλα
1042 4283 1167 4366 φαιδρὸς
1200 4283 1251 4348 καί

85 4406 208 4480 ‘fundus
242 4407 292 4472 ἐπί
328 4407 383 4481 τὴν
417 4407 544 4489 simis?
592 4406 656 4474 Ubi
689 4406 758 4496 quis
790 4405 869 4470 alius
903 4406 1035 4494 scriptor
1065 4423 1128 4467 non
1159 4403 1252 4492 plane

86 4522 273 4608 ἀπειρόκαλος
308 4551 372 4593 non
407 4527 541 4594 dedisset
572 4529 621 4594 ἐπὶ
646 4526 788 4602 ταύτννί
837 4524 899 4592 Sed
923 4525 1007 4590 idem
1034 4547 1125 4612 saepe
1152 4525 1252 4590 multo

86 4645 165 4714 etiam
193 4651 315 4739 turpius
347 4652 467 4740 scripsit
496 4664 589 4738 atque
619 4649 831 4725 invenustus,
864 4659 898 4711 ut
927 4645 1102 4732 legentibus
1127 4645 1251 4709 abunde
