2998 4998
4 515 5 532 ¹
112 514 198 572 μΙ,
211 530 230 569 p.
245 525 260 554 σ.
275 515 296 554 V.
323 527 349 555 νε.

709 329 730 388 9

515 513 565 554 Lech
579 525 616 554 m.
630 513 675 555 mi.

141 648 187 709 76
215 647 279 709 193
349 648 367 708 1
436 649 494 708 τῶν
518 643 730 726 συναχθέντων

137 892 180 952 77
232 911 252 948 »
323 891 363 950 71

137 1012 181 1074 78
207 1011 273 1074 333
323 1008 364 1071 17

139 1133 182 1196 79
231 1153 252 1192 »
325 1133 365 1194 37

138 1253 274 1316 81334
323 1253 365 1313 76

151 1395 172 1434 ι)
210 1375 274 1436 175
345 1376 364 1434 5

138 1495 180 1558 87
230 1515 252 1554 υ
323 1493 365 1555 74

147 1636 170 1677 υ
228 1635 251 1676 υ
321 1617 360 1677 31

149 1759 171 1796 7)
232 1755 254 1796 7)
335 1755 357 1794 7)

150 1879 172 1918 υ
210 1856 275 1918 176
346 1855 365 1916 7

140 1979 183 2043 83
231 1999 253 2038 »
326 1977 366 2038 18

152 2121 173 2159 ν)
232 2119 253 2156 ι)
325 2097 366 2158 77

140 2221 182 2282 81
231 2240 252 2278 υ
324 2218 366 2280 79

152 2361 172 2401 υ
213 2341 272 2402 161
327 2341 365 2400 15

139 2464 182 2525 85
232 2481 254 2521 »
325 2461 366 2522 75

152 2605 172 2642 >>
234 2603 255 2642 ι)
326 2581 367 2642 78
420 2573 423 2580 ’

149 2725 171 2766 ν)
233 2723 254 2764 »
324 2701 365 2764 37

138 2823 274 2888 86167
324 2825 360 2884 11

151 2965 173 3006 »
235 2966 256 3004 ι)
328 2943 367 3004 17

152 3089 174 3126 ν)
236 3087 257 3124 »
326 3065 364 3125 71

436 887 604 967 μειρακίου

433 1008 486 1073 καί
509 1010 633 1086 μνθμθς
656 1007 741 1091 ἔχειν

435 1131 675 1212 κατεκεχάριτι

434 1249 678 1330 τεθαυρικθτας

434 1371 676 1453 εὐτυχηθέντων

435 1491 487 1557 καί
511 1493 630 1565 άληθές

432 1613 471 1684 ὡς
495 1611 612 1677 ἐπίπαν
634 1614 660 1676 οἱ

437 1733 471 1798 δέ
504 1735 602 1798 αὐτὸ
626 1732 755 1812 μέγεθος

435 1847 512 1917 εἶναι
535 1852 671 1943 ψυχηςΙ

435 1971 529 2051 θνυμα
554 1969 586 2048 ἦν

437 2094 490 2158 καί
514 2099 564 2158 νῦν
587 2093 693 2172 ὁμοίως

435 2214 687 2288 τελευτησάντων
707 2213 712 2302 Ι

436 2334 593 2417 θωμάζειν

436 2457 550 2522 τούτων
574 2457 716 2538 ῥηθέντων

437 2577 614 2658 μεγάλοιςΙ

435 2693 651 2780 ἀναστρέψαι

431 2819 584 2897 βασιλεύς

437 2943 539 3021 υίκτῷ

438 3063 595 3141 περιπείαν

439 3427 512 3490 ὑπὸ
536 3431 593 3490 τῶν
618 3429 672 3498 τῆς

437 3545 591 3626 ταρίχου

436 3692 454 3732 κ
466 3666 597 3745 θβδηλα

440 3787 642 3862 δυσκυνησίαν

441 3911 496 3985 τθην
520 3907 698 3988 μεγάλην

441 4032 471 4096 έν
496 4029 686 4113 Κελτιβηρίμ

440 4152 636 4228 έξεπέστειλε

442 4395 511 4466 τοὺς
535 4391 720 4463 κωλύοντας

975 515 1027 556 [ωσι.
1040 525 1087 567 qm:
1101 514 1144 556 enh.
1158 515 1198 554 cod.

892 651 950 710 τῶν
975 645 1187 727 συναχθέντων
1212 663 1302 725 χρη-

934 765 1069 843 μάτων

893 886 1086 966 μειρακείυυ
1113 885 1184 972 (sic)

890 1009 942 1074 καί
977 1009 1043 1074 διά
1073 1009 1195 1086 μνήμης
1219 1005 1303 1088 ἔχειν

893 1130 1158 1211 κατεκεχάμστυ

892 1252 949 1316 τεθ
959 1275 974 1325 η
985 1275 1004 1314 σ
1013 1275 1034 1316 α
1045 1251 1191 1332 υρικθτας

860 1369 862 1375 ’
892 1371 1140 1452 εὐτυχηθέντων

893 1493 946 1558 καί
970 1491 1117 1567 τάληθές

890 1616 929 1686 ὡς
953 1613 1070 1678 ἐπίπαν
1093 1613 1168 1694 γάρ
1192 1613 1217 1677 σί

894 1735 957 1798 διά
980 1737 1020 1799 τὸ
1044 1733 1175 1811 μέγεθος

892 1849 968 1918 εἶναι
991 1852 1126 1941 Ιψυχῆς

891 1970 986 2050 ὄνομα
1008 1972 1201 2055 πρότερον
1225 1971 1258 2050 ἦν

888 2094 941 2160 καὶ
955 2097 1005 2158 νῦν
1028 2096 1072 2164 ὡς
1095 2095 1202 2172 ὁμοίως
1216 2097 1300 2185 (sic.)

890 2213 1084 2289 τελευτησάν
1103 2214 1110 2306 Ι
1129 2237 1187 2282 των

892 2335 1083 2418 θαυμάζειν

893 2462 998 2522 τοῦτον
1025 2457 1094 2546 (sic)
1115 2459 1257 2541 ῥηθέντων

891 2575 1075 2654 μεγάλαις

890 2697 1074 2780 άνατρέψαι

891 2820 905 2884 θ
928 2819 1080 2898 βασιλεύς

893 2943 1018 3021 υίκτρῷ

893 3061 1089 3143 περιπέτειαν
1138 3065 1304 3132 manifesto

939 3181 1025 3263 cod.;
1076 3207 1168 3250 suum
1208 3188 1305 3276 ipsius

940 3325 1079 3369 errorem
1103 3307 1237 3371 correxit
1260 3307 1303 3372 M.

894 3425 973 3490 άπὸ
997 3433 1056 3492 τῶν
1078 3435 1134 3501 τῆς

895 3547 1041 3626 ταρίχου
1073 3559 1104 3611 et
1127 3547 1171 3612 sic
1194 3569 1236 3612 vs.
1262 3551 1303 3612 37

894 3665 1045 3744 κίβδηλα

893 3785 1102 3860 δυσκινησίαν

896 3909 951 3981 τθιν
974 3909 1166 3986 μεγίστην

897 4029 927 4094 έν
948 4038 993 4110 τῇ
1018 4031 1208 4114 Κελτιβημία

898 4147 1102 4225 ἐξαπέστειλε
1125 4153 1191 4242 ipse
1215 4152 1302 4232 cod.;

943 4284 977 4336 ut
1008 4274 1142 4338 correxit
1165 4272 1231 4336 scil.
1262 4273 1303 4338 Μ.

898 4391 967 4462 τοὺς
990 4393 1206 4463 κωλύσοντας

443 4511 538 4588 ένκίς
561 4508 594 4586 ἦν
615 4513 674 4578 ε’πί
695 4520 851 4586 πολλοῖς
898 4512 929 4575 ἐν
953 4509 1003 4584 αίς
1028 4508 1061 4586 ἦν
1079 4513 1145 4576 σὺν
1164 4509 1306 4582 άλλνιε

1099 4634 1115 4683 7
