2974 5016
104 1485 319 1552 ADDENDA
342 1487 403 1552 AD
426 1487 633 1553 ΜΕΙΝΕΚΙΙ
657 1485 779 1569 OPUS,
805 1484 924 1564 QUOD
946 1487 1225 1556 INSCRIBITUR

233 1625 509 1692 FRAGMENTA
533 1624 790 1691 OOMIOORUM
815 1623 1092 1693 GRAEOORUM.

144 2178 317 2262 Postquam
346 2185 421 2245 ante
450 2179 509 2245 hos
539 2199 654 2246 novem
681 2200 781 2247 annos
803 2181 1052 2267 conscripseram
1074 2179 1223 2249 disserta-

99 2292 219 2357 tionem
249 2291 473 2358 Aoademicam
503 2293 716 2360 continentem
750 2290 1000 2362 Observationes
1023 2295 1157 2361 critiam
1180 2296 1225 2362 od

99 2405 293 2492 fragmento
329 2406 526 2472 comicorum
561 2405 764 2474 Graecorum
799 2405 893 2495 (quas
926 2407 1041 2474 deinde
1075 2409 1224 2476 Jacobius

100 2519 272 2584 maximam
294 2527 416 2605 partem
438 2521 557 2607 recepit
578 2521 611 2586 in
629 2521 778 2588 addenda
799 2521 841 2587 ad
863 2521 1015 2587 Meinekii
1037 2521 1131 2610 opus)
1155 2541 1223 2588 sac·

98 2633 171 2718 pius
205 2652 314 2718 sparsa
347 2634 401 2701 illa
434 2635 635 2719 antiquorum
667 2642 831 2721 poetarum
865 2636 1007 2703 membra
1039 2633 1224 2719 diligentius

100 2746 331 2814 examinabam.
356 2749 404 2814 Ea
426 2769 521 2835 opera
543 2770 627 2818 nora
649 2751 726 2815 mihi
745 2751 900 2816 succrevit
917 2749 1156 2816 adnotationum
1175 2768 1223 2815 se·

99 2881 174 2945 ges,
207 2881 249 2927 cx
279 2881 342 2945 qua
368 2861 482 2928 deletis
504 2883 585 2947 quae
607 2864 648 2929 ab
669 2864 740 2930 aliis
762 2871 915 2950 occupata
935 2869 990 2930 aut
1012 2864 1127 2930 rectius
1149 2883 1222 2929 con-

98 2975 211 3041 stituta
229 2973 364 3050 subinde
382 2977 622 3061 intellegebam,
643 2978 761 3062 exigua
778 2977 873 3044 hodie
893 2997 965 3065 pars
984 2983 1145 3064 superest,
1162 2975 1223 3043 for-

98 3095 186 3155 tasse
210 3111 274 3156 non
297 3109 425 3176 prorsus
448 3089 596 3174 indigna,
618 3111 788 3175 quaecum
804 3091 917 3158 harum
935 3092 1098 3158 literarum
1116 3111 1223 3158 aman-

98 3203 186 3270 tibus
208 3205 465 3271 communicetur.

144 3317 265 3402 Sequar
292 3325 398 3384 autem
425 3319 613 3404 paginarum
642 3326 675 3386 et
701 3319 956 3404 fragmentorum¹
980 3319 1140 3402 ordinem,
1170 3319 1226 3403 qui

97 3436 245 3498 servatur
266 3431 300 3496 in
322 3430 524 3499 Meinelriana
546 3431 693 3500 editione.

141 3771 213 3838 Vol.
238 3771 281 3836 II.
305 3772 383 3857 Pag.
407 3773 460 3838 96.
484 3771 649 3839 Cratini
674 3773 930 3838 ΟΔΤΣΣΕΩΝ
952 3772 990 3838 lt.
1013 3771 1076 3838 VI:

142 3887 193 3965 Τῇ
218 3888 293 3950 νῦν
318 3883 391 3949 τόδε
415 3891 493 3949 πῖθι
520 3884 633 3972 λαβὼν
657 3885 754 3970 ἤδη,
781 3889 835 3950 aul
861 3887 1005 3969 τοῦνομά
1024 3891 1059 3968 μ’
1081 3885 1180 3958 eddela

1029 4001 1179 4082 dodra

143 4109 319 4178 Offensioni
338 4119 387 4180 est
406 4116 465 4178 νῦν
480 4112 610 4197 -ἤδη,
633 4116 686 4182 ubi
707 4115 941 4200 exspectaveris
954 4139 1015 4179 νυν
1029 4113 1224 4196 encliticam,

94 4223 158 4292 scd
179 4225 334 4311 imprimis
356 4225 473 4294 haereo
495 4227 529 4293 in
552 4229 745 4313 imperativo
768 4229 885 4312 ἐρώτα.
912 4230 984 4295 Non
1003 4229 1088 4294 enim
1107 4227 1153 4294 rei
1172 4247 1225 4292 na·

1094 4340 1107 4387 1
