2932 5004
639 356 700 418 143

86 541 163 606 iectu
181 539 261 605 mibi
282 539 396 606 obtulit
416 540 499 607 hanc
518 541 669 630 optimam
689 541 876 607 lectionem:
900 543 926 606 sl
947 541 1126 610 κελεύουσι
1151 543 1271 612 Κίιντσν

86 659 243 727 Κοίτλον
272 661 308 726 ἕα
330 669 385 737 τῆς
409 663 525 741 Ῥιίμης
550 661 820 740 μεταστήσασθαι.
868 660 979 728 Sermo
1003 675 1049 729 est
1073 663 1113 729 de
1139 665 1178 750 Q.
1204 665 1271 730 Lu·

88 783 162 848 tatio
187 779 301 848 Catulo
328 783 366 867 Q.
393 783 429 848 F.
455 784 494 867 Q.
516 782 546 849 N
550 831 581 861 .,
601 781 761 849 Ciceronis
780 783 949 861 familiari,
973 782 1107 873 (saepius
1127 785 1159 849 in
1178 784 1273 852 buius

88 904 209 992 scriptis
232 901 445 991 memorato),
469 904 524 992 qui
548 903 747 969 consulatum
772 903 865 992 gessit
887 926 950 968 una
972 925 1045 969 cum
1070 905 1114 970 Μ.
1137 905 1272 971 Aemilio

88 1023 206 1114 Lepido
226 1047 257 1088 a.
277 1025 318 1090 U.
346 1027 422 1090 676.
462 1022 597 1090 Secutus
619 1035 728 1114 postea
751 1024 894 1114 Pompeii
916 1037 1019 1115 partes
1042 1025 1205 1090 victoriam
1226 1049 1272 1092 re·

86 1147 219 1236 portarit
249 1145 288 1211 de
312 1144 435 1211 eodem.
484 1145 541 1210 vir
563 1157 630 1210 erat
653 1157 686 1211 et
708 1159 837 1235 propter
860 1145 992 1234 gloriam
1015 1158 1179 1236 paternam
1193 1146 1218 1233 ¹)
1240 1157 1273 1211 et

88 1267 127 1332 ob
149 1289 219 1332 suas
243 1267 373 1332 virtutes
395 1267 583 1332 auctoritate
605 1265 696 1332 valde
719 1266 865 1356 insignis,
891 1290 954 1356 quo
977 1279 1119 1356 tempore
1137 1265 1274 1332 Catilina

89 1387 262 1452 coniuravit
290 1400 400 1453 contra
424 1386 664 1477 rempublicam.
715 1386 825 1454 Cicero
848 1388 964 1477 igitur,
989 1400 1024 1452 ut
1047 1386 1210 1452 redeamus
1234 1385 1274 1451 ad

88 1508 192 1574 loomn
223 1521 387 1586 nostrum,
412 1509 658 1597 interrogaverat
682 1521 859 1575 senatores:
885 1509 911 1572 εί
939 1508 1021 1574 δοκεῖ
1040 1515 1274 1586 μεταναστῆναι

90 1629 123 1717 (l.
140 1627 353 1716 μεταστῆσαι)
381 1630 432 1694 τὸν
455 1627 625 1694 Κατιλίναν
646 1629 680 1694 ἐκ
702 1637 758 1704 τῆς
782 1629 911 1702 πόλεως.
959 1629 1047 1696 Inter
1071 1650 1150 1717 quos
1174 1652 1274 1718 quum
1343 1643 1349 1656 ’

89 1747 179 1813 multi
215 1748 266 1813 διά
300 1747 355 1821 τῆν
390 1747 475 1812 κατά
510 1749 666 1829 πρίσωπον
699 1750 841 1830 ἐντροπῆν
873 1749 1118 1828 conticuissent,
1152 1749 1274 1814 Tullius

89 1869 124 1934 δι’
148 1868 246 1950 ἐτέρου
265 1868 394 1950 τρίτου,
418 1867 556 1950 καθάπερ
576 1868 705 1947 ἐλέγξαι
729 1871 785 1945 τῆν
808 1869 984 1947 σύγκλητον
1008 1870 1141 1950 άαριβῶς
1164 1867 1274 1948 βουλά·

7 2043 8 2050 ,
88 2013 193 2068 μενος,
217 1989 323 2054 denuo
346 2001 503 2055 senatores
525 1990 716 2079 interrogat,
742 1989 913 2055 iubeantne
936 1988 1089 2074 Quintum
1110 1988 1274 2054 Lutatium

92 2109 239 2176 Catulum
265 2109 379 2197 (sirum
403 2111 664 2199 spectatissimum
684 2123 716 2177 et
735 2111 853 2200 optime
871 2110 1020 2175 meritum
1040 2108 1079 2174 de
1099 2107 1273 2198 republica)

90 2231 189 2296 solum
220 2230 319 2296 exsilii
349 2251 442 2296 causa
474 2243 605 2297 vertere.
656 2231 736 2296 Turn
767 2254 841 2297 sero
869 2253 931 2296 una
956 2252 1031 2296 roce
1056 2252 1185 2308 omnes,
1209 2251 1274 2294 non

7 2421 8 2440 ἶ
91 2353 132 2416 ita
167 2373 198 2416 se
235 2373 362 2416 censere
398 2350 556 2431 clamant,
591 2350 823 2440 indignabundi
858 2350 898 2415 ob
920 2373 1033 2416 noram
1057 2349 1141 2416 banc
1165 2372 1275 2439 quaes·

7 2467 9 2550 ]
91 2472 218 2538 tionem.
268 2471 350 2536 Nam
391 2469 444 2536 bic
482 2493 588 2536 sensus
616 2472 717 2538 inesse
749 2470 843 2537 debet
874 2471 976 2536 verbis
1009 2471 1154 2548 Graecis,
1192 2494 1273 2560 quae

8 2575 9 2614 ³
93 2604 238 2682 corrupta
270 2590 384 2657 deinde
414 2590 582 2680 leguntur:
615 2598 676 2675 μιᾷ
706 2593 738 2658 δὲ
767 2597 854 2675 φωνῆ
884 2591 1007 2656 πάντων
1036 2590 1277 2668 ἀναβοησάντων

91 2716 133 2792 μῆ
165 2713 278 2790 δοκεῖν,
309 2713 361 2778 καί
388 2711 645 2795 δυσχεραινόντων
675 2713 725 2776 ἐπὶ
754 2713 797 2793 τῷ
820 2711 917 2778 πάλιν
940 2711 1106 2794 ρἠθέντι.
1155 2711 1275 2800 Requi·

8 2849 9 2904 t
94 2837 172 2900 ritnr
194 2835 280 2899 enim
300 2834 366 2898 sine
391 2834 620 2898 controversia:
647 2834 697 2898 ἐπὶ
717 2835 760 2914 τῷ
781 2832 877 2899 πάλιν
900 2831 1146 2912 ἐρωτηθέντι.
1195 2832 1275 2898 Tum

93 2967 266 3045 sequuntur
277 2955 375 3021 haec:
391 2955 441 3019 ἐπὶ
456 2954 491 3043 (l.
504 2953 589 3041 πρὸς)
604 2956 654 3020 τὸν
668 2954 852 3028 Κατιλίναν,
867 2953 950 3044 (dele
962 2951 1129 3043 virgulam)
1142 2952 1275 3037 ἔφησεν,

90 3074 165 3142 θταν
195 3075 267 3141 τινὰ
294 3077 340 3153 μῆ
371 3075 531 3153 νομίσωσιν
554 3074 721 3151 έπιτῆθειον
743 3079 864 3156 φυγῆς
891 3073 992 3164 (lege:
1017 3074 1188 3160 φυγεῖν),
1208 3076 1277 3153 μεθ’

9 3243 10 3248 1
91 3193 163 3272 ίσης
185 3202 323 3278 κραυγῆς
345 3195 577 3273 ἀντιλέγουσιν,
598 3193 675 3260 tiore
694 3192 772 3260 εἶναι
791 3195 921 3278 φανερὸν
940 3193 986 3262 θτι
1003 3196 1055 3262 διά
1075 3201 1130 3269 τῆς
1153 3201 1277 3279 φωνῆς

91 3320 273 3397 ὁμολογοῦσι
297 3317 413 3400 φυγῆυ.
452 3313 544 3382 Certa
568 3316 749 3381 coniectura
769 3315 905 3404 reperire
925 3317 1095 3405 potuisset,
1117 3315 1201 3405 quod
1221 3339 1278 3406 pro

89 3445 194 3522 φωνῆς
226 3437 394 3503 manifesto
417 3437 534 3526 legitur
556 3439 590 3502 in
614 3436 742 3514 codice,
773 3431 819 3502 θτι
845 3437 894 3503 θινὶ
917 3445 972 3512 τῆς
997 3447 1149 3514 σιωπῆς
1173 3439 1277 3516 ὁμολο-

91 3565 182 3638 γοῦσι
206 3559 323 3640 φυγῆν.
362 3558 527 3624 Praeterea
550 3570 643 3647 turpe
666 3556 817 3623 mendum
840 3556 1011 3622 eluendum
1034 3570 1129 3624 restat
1148 3582 1193 3624 rs.
1215 3563 1277 3636 20,

10 3741 11 3750 ,
92 3681 150 3746 nbi
180 3679 315 3768 legitur:
342 3679 367 3744 εί
389 3678 536 3744 κωλύουσι
560 3678 682 3744 Κόιντον
702 3675 826 3743 Κάτλον
849 3678 883 3741 ἐκ
906 3684 961 3751 τῆς
985 3678 1101 3756 Ῥώμης
1121 3680 1280 3758 μεταστῆ-

10 3869 11 3880 ,
90 3801 225 3877 σασίαις
254 3823 329 3865 nam
355 3799 511 3866 Graecum
534 3812 580 3866 est
603 3807 810 3879 μεταστῆναι.
859 3797 1045 3864 Adscribam
1068 3821 1155 3866 nunc
1177 3813 1280 3868 toturn

10 3883 12 3926 l
92 3933 298 4011 excerptum,
331 3931 367 3984 ut
400 3919 593 4009 palimpsesti
624 3941 683 4009 ope
713 3933 744 3984 et
774 3918 963 3984 coniecturis
986 3941 1004 3982 a
1026 3941 1079 3985 me
1102 3922 1281 3987 restitutum

11 4101 12 4104 ,
89 4057 152 4112 esa:

11 4223 12 4232 ι

11 4249 12 4260 l
91 4249 260 4266 ’.Π

127 4375 162 4443 1)
197 4374 234 4424 Do
258 4378 331 4444 patre
355 4369 392 4424 sic
411 4367 503 4423 scribit
523 4368 594 4426 Diod.
614 4373 762 4440 xxxvrrt,
785 4369 817 4428 fr.
842 4373 889 4425 rV:
913 4369 1047 4434 Κόιντος
1070 4367 1103 4426 dd
1120 4369 1283 4434 Λουτάτιος

12 4469 13 4496 r
90 4465 218 4528 Κάτλος
245 4462 519 4538 άτυθριαμβουιιὼς
537 4461 591 4537 μὲν
610 4462 758 4539 ἐπισήμως
778 4463 836 4522 dard
861 4463 1024 4540 Κίμβρων,
1050 4463 1233 4541 ἀγαπώμενος
1253 4465 1281 4520 δ’

91 4559 153 4618 ὕπὸ
178 4561 236 4616 τῶν
261 4560 391 4616 πολιτῶν
416 4566 643 4637 περιττότερον,
668 4561 724 4618 ὑπό
749 4581 828 4626 τινος
847 4561 996 4637 δημάρχου
1015 4563 1184 4636 κατηγορίας
1203 4559 1283 4637 dady-

92 4675 186 4726 γονον
206 4653 239 4711 ίυ
258 4655 298 4732 api
316 4655 398 4731 θήμῳ
416 4657 557 4714 θανάτου.
