2946 5014
774 333 838 395 228

188 518 267 586 mihi
295 519 378 586 inter
408 513 577 608 legendum
607 514 671 582 loci
701 529 933 608 persuaserunt.
984 515 1043 584 Vel
1067 518 1100 584 in
1124 521 1277 610 excerptis
1296 520 1385 588 locos

188 637 423 729 complusculos
440 639 574 705 intectos
591 636 720 727 reliquit
738 628 941 727 epitomator;
963 651 1048 706 recte
1071 661 1102 705 r.
1124 662 1154 706 c.
1168 639 1226 707 lib.
1241 640 1386 708 XXVIII
1453 643 1456 652 ’

116 732 121 738 ”
189 760 228 827 lr.
272 762 313 825 13
353 782 396 826 rs.
434 763 475 825 37
501 759 672 825 scribitur:
707 759 721 824 θ
752 758 778 823 δ’
814 757 989 839 Ἀντίγονος
1022 757 1083 842 ἔφη
1106 795 1152 810 -
1174 761 1218 828 τά
1248 760 1280 826 δέ
1311 762 1388 842 πρὸς

188 889 385 959 Πτολεμαίου
410 880 504 956 αὐτὸς
528 878 709 962 φροντίζειν.

235 1001 307 1070 Non
338 1001 441 1068 verior
469 1013 516 1066 est
547 1023 645 1090 quom
667 1001 869 1090 pronuntiavi
892 999 1082 1066 sententium
1104 1023 1176 1092 pop.
1205 1003 1245 1065 21
1271 1022 1315 1067 ιι.
1339 1003 1387 1079 6,
1465 1003 1466 1084 l

96 1134 117 1176 -“
190 1121 244 1188 sed
275 1121 321 1188 ibi
353 1122 476 1187 ratione
507 1120 638 1210 peccari
668 1120 801 1186 inversa.
850 1117 980 1186 Scilicet
1003 1119 1234 1209 antiquioribus
1257 1121 1290 1186 in
1313 1143 1390 1185 ora·

191 1245 277 1310 tione
309 1242 411 1308 solute
435 1240 595 1306 sollemnis
618 1252 664 1306 est
690 1238 826 1306 formula
849 1237 1034 1323 διαφθείρειν
1058 1239 1146 1322 κθριρν
1168 1264 1193 1308 s.
1221 1240 1388 1322 παρθένον,
1465 1205 1466 1258 l

192 1363 245 1430 sed
269 1361 425 1428 Diodorus
448 1372 628 1454 constcnter
649 1383 687 1426 ee
711 1360 744 1424 in
766 1382 800 1426 re
824 1358 920 1426 rerbo
944 1359 1080 1450 simplici
1102 1383 1175 1426 usus
1195 1351 1252 1432 est.

237 1481 361 1550 Ibidem
388 1484 420 1548 in
445 1481 519 1549 cdn.
546 1493 632 1548 recte
651 1480 835 1546 etiamnunc
845 1479 958 1546 'Iocum
978 1483 1146 1550 correxisse
1165 1482 1245 1548 mibi
1264 1481 1388 1550 videor.

192 1601 405 1671 Nihilominus
441 1601 582 1668 multum
613 1599 717 1680 abes't,
750 1613 786 1666 nt
816 1599 948 1668 verbum
979 1609 1173 1684 παρακαλεῖν
1205 1603 1393 1668 invitandi

191 1725 371 1817 significatu
394 1745 501 1790 cerere
523 1721 720 1813 perhibeam.
768 1719 850 1788 Vide
872 1745 902 1790 r.
928 1745 957 1788 c.
983 1721 1040 1788 lib.
1067 1721 1180 1803 xvrl,
1205 1745 1234 1789 c.
1263 1725 1339 1790 100.

178 1857 187 1872 '
237 1845 314 1936 rag.
348 1847 391 1910 22
423 1867 468 1911 vs.
503 1847 521 1909 7
548 1841 705 1908 addantur
728 1841 829 1909 hoec:
858 1839 1008 1909 Mendose
1033 1864 1161 1932 quoquc
1183 1842 1264 1910 brec
1287 1857 1388 1912 sunt:

193 1967 481 2052 εὐτυχούντων
504 1965 536 2032 δέ
559 1963 722 2048 πρθτερον
750 1971 809 2031 πάν
836 1965 879 2038 είς
902 1965 1034 2044 Ἄλβαν
1057 1963 1260 2049 πεμφθέντων
1283 1965 1319 2031 σύ
1342 1969 1392 2044 μή

193 2089 373 2170 λαμβάνειν
392 2087 427 2154 τὸ
447 2086 579 2164 δίκαιον,
603 2086 646 2160 είς
666 2079 782 2166 ήμέραν
801 2086 982 2166 τριακοστήν
1001 2067 1137 2164 πόλεμον
1153 2085 1393 2165 κατήγγειλαν.

195 2210 324 2280 IltenIm
355 2210 381 2274 si
413 2208 528 2276 horum
555 2205 723 2272 verborum
758 2227 865 2272 sensus
899 2228 965 2274 esse
995 2218 1120 2296 posset:
1147 2229 1249 2297 quum
1272 2213 1396 2272 cutem
1465 2265 1466 2280 ἶ

196 2332 327 2420 legatis
360 2329 425 2394 ίιασ
456 2331 495 2392 εἰς
526 2349 566 2392 rc
588 2325 743 2414 fortuna
763 2326 929 2414 faveret,
954 2325 1047 2415 quod
1067 2349 1127 2392 res
1150 2349 1218 2392 κονι
1241 2325 1398 2394 reddere

193 2451 327 2520 Altam·
357 2455 557 2516 statuerent
580 2455 671 2527 στάς
697 2446 887 2514 vocobulum
916 2447 1057 2530 πρότερον
1083 2469 1209 2537 prorsus
1241 2449 1326 2514 iners
1359 2463 1397 2516 et

194 2593 463 2662 supervacaneum
483 2568 733 2636 additamentum
754 2591 838 2649 esso,
863 2567 1156 2666 quodsententirm
1176 2569 1239 2634 loci
1259 2568 1397 2651 turbet,

192 2691 268 2759 inde
288 2691 463 2760 necessario
483 2702 678 2780 sequeretur.
704 2687 748 2756 Ni
760 2691 886 2778 egregie
905 2688 1017 2769 lullor,
1039 2687 1253 2755 scribendum:
1277 2690 1398 2756 έντυ·
1465 2739 1466 2824 q

194 2812 350 2894 χθντων
394 2812 425 2878 Il
466 2811 634 2894 προτέρων
675 2817 733 2876 τῶν
768 2812 810 2884 είς
828 2812 973 2894 ρ”Λλβαν
1009 2810 1231 2894 πεμφθέντων,
1272 2811 1324 2878 διά
1356 2815 1399 2881 τὸ
1465 2831 1466 2906 p

196 2935 241 3012 μή
286 2932 464 3012 λαμβάνειν
505 2931 540 2997 τὸ
577 2931 691 2998 δίκαιον
726 2931 768 3005 είς
805 2929 920 3014 ήμέραν
955 2932 1039 3008 uri„
1078 2955 1142 3022 quo
1169 2914 1260 2998 'fecto
1291 2932 1396 3022 plana
1465 2913 1466 3002 l

197 3067 291 3120 eruut
328 3052 444 3120 omnic.
494 3051 635 3118 Verbum
675 3049 881 3134 ἐντυγχάνειν
911 3051 970 3117 τινί
1002 3051 1087 3141 κριτοὶ
1117 3053 1277 3142 sequiores
1306 3054 1423 3121 velet·

191 3172 341 3266 petendi
370 3195 480 3238 σαυοα
507 3173 658 3260 alr'quem
683 3175 883 3251 convenire,
906 3169 1020 3238 deiude
1044 3171 1229 3262 simpliciter
1245 3181 1400 3264 petere,
1440 3175 1443 3180 ’

198 3293 282 3360 unde
325 3292 424 3359 subst.
469 3291 601 3369 έντευξις
637 3306 684 3358 est
712 3295 865 3384 petitio,
903 3316 933 3360 ι.
968 3315 997 3358 c.
1032 3291 1117 3382 opud
1152 3306 1295 3360 nostrum
1332 3295 1397 3364 lib.

199 3413 294 3491 XVI,
326 3435 397 3503 cap.
431 3419 493 3479 55:
525 3417 579 3479 τσύ
613 3411 639 3478 δ’
669 3413 806 3486 είπιίντος
836 3408 1057 3493 ὅτιβούλεται
1083 3413 1151 3502 (μὲν
1176 3415 1292 3503 insere)
1318 3421 1401 3498 παρ’

197 3536 293 3600 αὐτοῦ
328 3541 440 3616 τυχεῖν
474 3556 552 3609 τινος
586 3533 715 3614 δωρεάς,
748 3532 911 3600 δεδοικέναι
928 3531 975 3610 ,δὲ
1006 3535 1128 3613 μήποτε
1161 3535 1301 3610 δηλώσας
1332 3537 1404 3612 ,τήν

199 3653 487 3738 προκεχειρισμένήν
518 3653 704 3733 ἔντευξιν
735 3653 884 3736 άποτύχή
915 3655 987 3726 κτέ.,
1028 3653 1185 3746 Corrupto
1208 3670 1283 3724 sunt
1311 3679 1405 3747 quae

198 3775 322 3842 ibidem·
352 3775 549 3865 praecedunt
583 3775 623 3842 de
657 3775 796 3866 Philippi
830 3775 1039 3843 liberalitate:
1070 3781 1149 3843 πάσι
1180 3777 1211 3844 δὲ
1241 3777 1406 3857 μεγάλας

153 3927 155 3932 ·
200 3897 401 3976 ἐπαγγελίας
429 3897 668 3980 εὐχρήστως
701 3897 875 3976 ποιούμενος
904 3897 968 3962 κτὲ.
1017 3894 1106 3965 Scire
1131 3899 1216 3966 enim
1239 3899 1406 3989 pervelim

200 4015 276 4106 quid
308 4018 354 4082 rei
385 4019 424 4082 sit
454 4019 633 4100 εὐχρήστως
662 4017 865 4099 ἐπαγγελίας
895 4019 1056 4086 ποιεῖσθαι.
1108 4017 1266 4109 Equidem
1289 4019 1406 4089 donec

198 4135 279 4204 illud
321 4137 451 4204 edoctus
494 4163 569 4219 ero,
613 4141 783 4229 genuinam
821 4140 1008 4230 scripturum
1041 4139 1125 4206 hunc
1157 4165 1222 4208 esse
1252 4139 1403 4216 ducem:

200 4263 278 4324 πάσι
304 4257 354 4336 4δὲ
388 4259 538 4338 μεγάλας
574 4262 775 4341 ἐπαγγελίαι
809 4263 989 4343 εὐχερῶς
1025 4262 1222 4342 ποιούμενος,
1257 4265 1407 4344 πολλοὺς

202 4377 511 4458 έσχενέπιθυμήτάς
533 4391 590 4458 τής
613 4382 685 4464 πρὸς
709 4383 802 4448 αὐτὸν
824 4383 946 4466 φιλίας.
995 4371 1043 4450 In¹
1058 4385 1168 4450 ricinIs
1194 4384 1295 4451 obiter
1317 4409 1406 4478 snp-
1465 4381 1466 4438 ἓ

203 4497 307 4585 plens:
345 4503 542 4577 κατανοήσας
579 4502 716 4584 Σάτυρον
751 4505 802 4569 τὸν
834 4505 994 4586 ὑποκριτήν
1026 4507 1198 4589 σκυθρωπὸν
1232 4505 1331 4596 (θντα)
1365 4526 1412 4579 et

204 4635 275 4681 mor
298 4617 439 4707 legatur:
465 4623 710 4704 διεβεβαιιύσσιτο
732 4661 777 4678 -·-
799 4627 1004 4707 χαριείοθαι
1028 4649 1086 4716 pro
1108 4604 1342 4711 χαρίσασθαι.
1465 4615 1466 4620 ¹

243 4922 273 4965 L
377 4891 378 4896 ,
