2932 5004
643 322 703 382 127

72 517 154 582 ταῖς
189 510 246 586 μὲν
278 507 509 590 προσόψεσι
533 507 647 586 γίγασι
672 511 897 590 παρεμφερεῖς,
921 517 991 582 ταῖς
1016 511 1042 578 δ’
1068 512 1180 586 σίλιιαῖς
1205 514 1273 578 ύνο·

74 631 280 712 στερβλιίτους
302 630 368 694 ari.
415 629 515 718 Prope
539 629 636 694 finem
655 627 750 692 huius
771 631 909 718 excerpti
927 653 992 696 non
1011 631 1141 722 expedio
1159 633 1271 700 rerba:

75 749 136 816 zat
169 756 229 815 τῶν
260 747 295 826 ἐξ
326 751 430 822 αίῖίνος
451 748 581 831 σίρίστων
604 748 783 831 κεκριμένων
806 749 950 816 ἐλθόντων
973 755 1016 825 είς
1040 751 1199 836 αίρεσιν
1223 753 1274 820 καί

76 869 319 953 φιλοτιμίαν,
348 891 423 934 nam
456 891 519 958 quo
549 891 642 934 sensu
673 866 786 950 αίρεσις
818 868 851 934 h.
884 870 907 934 l.
932 869 1054 936 dictum
1077 873 1137 952 sit,
1161 873 1276 938 frustm

79 990 241 1082 quaesiti.
290 989 340 1055 An
379 990 508 1055 fortasse
543 1001 653 1055 auctor
687 987 816 1055 dederat
851 988 994 1057 ἐλθόντων
1028 993 1071 1066 είς
1106 991 1121 1056 έ
1129 1016 1187 1072 ριν
1223 995 1275 1060 καί

79 1111 298 1195 φιλοτιμίανί
337 1109 512 1196 Quominus
535 1111 738 1176 coniiciamus
760 1112 803 1186 είς
827 1109 1046 1177 διύσσασιν
1070 1111 1131 1178 ίιοο
1152 1113 1274 1192 obstat,

82 1231 178 1322 qnod
198 1233 231 1296 in
243 1233 383 1321 proxime
394 1233 580 1322 praegressis
592 1254 630 1298 eo
643 1231 797 1298 vocabulo
809 1253 883 1296 usus
902 1244 969 1312 est,
991 1233 1009 1298 δ
1017 1257 1026 1298 ι
1036 1233 1082 1300 σίκ
1091 1259 1105 1314 ρ
1115 1259 1124 1300 ι
1133 1257 1195 1300 σιν
1212 1257 1276 1300 uon
1372 1287 1379 1296 .

82 1354 187 1443 plane
227 1352 392 1430 satisfacit,
430 1365 461 1418 et
495 1352 691 1436 διαφορὰν
725 1353 818 1418 nimis
852 1353 997 1443 vulgatae
1031 1367 1078 1420 est
1114 1355 1274 1420 dissimile.

84 1473 183 1541 Nihil
212 1475 328 1564 igitur,
363 1472 447 1563 quod
478 1485 510 1539 ot
539 1474 669 1564 propius
700 1473 780 1540 absit
811 1497 829 1540 a
856 1475 984 1564 vulgata
1014 1488 1047 1542 et
1073 1475 1186 1541 melius
1209 1476 1278 1542 loco

85 1595 276 1673 conveniat,
297 1595 407 1684 reponi
427 1616 517 1683 posse
540 1593 686 1660 arbitror.
724 1594 901 1684 Xenophon
924 1597 957 1660 in
981 1593 1096 1686 Cyrop.
1120 1597 1197 1662 vul
1212 1621 1219 1661 :
1237 1601 1277 1675 2,

86 1721 133 1783 26
158 1715 278 1780 iunxit:
305 1713 403 1795 ἔριδας
425 1715 477 1779 καί
500 1715 744 1797 φιλονεικίας,
768 1738 873 1804 neque
889 1715 981 1782 aliter
1000 1715 1092 1782 Diod.
1116 1716 1218 1782 XIII:
1237 1721 1278 1782 48

85 1859 190 1928 prope
217 1837 363 1902 initium:
393 1834 451 1917 έρις
483 1835 534 1900 καί
565 1836 736 1916 φιλονεικία
759 1837 832 1916 πρὸς
857 1833 973 1917 ύλεύρον
997 1837 1161 1911 ανηκουσα.
1210 1835 1278 1902 Νοο

86 1971 199 2024 tamen
218 1967 384 2047 propterea
404 1955 635 2022 sollicitareriur
654 1957 676 2020 l.
691 1979 724 2020 n.
739 1956 937 2038 φιλοτιμίαν,
956 1955 1041 2044 quod
1057 1957 1168 2022 eodem
1187 1979 1280 2022 sensu

87 2078 298 2156 dictumest,
321 2099 383 2166 quo
403 2077 525 2168 saepius
549 2075 640 2167 apud¹
656 2089 799 2142 nostrum
822 2076 981 2142 invenitur
1004 2099 1034 2142 ν.
1050 2099 1077 2144 c.
1104 2077 1149 2142 XI
1168 2100 1197 2143 c.
1213 2081 1275 2142 52:

87 2199 138 2266 stet
173 2200 204 2264 δὲ
234 2201 358 2278 μᾶλλον
389 2205 443 2273 τῆς
476 2197 625 2280 διαφορᾶς
660 2195 882 2276 συναυξομένης
913 2198 965 2263 καί
997 2196 1149 2271 πολλύκις
1180 2197 1280 2281 φύνωυ

89 2319 276 2400 γινομένων,
314 2320 350 2384 τὸ
381 2325 560 2384 τελευταῖον
590 2318 632 2388 είς
665 2317 814 2399 ύλοσχεριῐ
845 2320 1097 2400 φιλοτιμίαν
1127 2317 1279 2400 ύρμησαν.

89 2439 214 2506 Scribis
235 2451 340 2503 autem
360 2435 544 2504 Christianis
564 2438 717 2526 imprimis
733 2438 886 2526 placuisse
898 2439 1128 2504 substantivum
1147 2437 1279 2519 αἵρεσιν,

91 2583 159 2626 non
184 2558 337 2648 estquod
362 2560 524 2624 miremur.

138 2681 195 2746 Fr.
234 2679 285 2758 II,
314 2703 347 2769 p.
384 2682 447 2744 170
479 2701 523 2744 rs.
560 2682 620 2743 11:
656 2681 686 2744 ἕν
716 2680 812 2760 τούτῳ
844 2680 887 2760 τῷ
919 2681 1043 2762 πολέμῳ
1074 2681 1202 2746 ποικίλα
1228 2683 1280 2747 καί

94 2800 277 2881 τολύτρυπα
308 2799 389 2875 πιίίη
422 2801 473 2866 καί
505 2798 659 2866 πύλεων
681 2800 811 2872 σίλύσεις
836 2799 968 2882 ἑκατέρῳ
990 2801 1073 2882 μέρει
1097 2807 1156 2866 τῶν
1176 2803 1281 2868 διαπο·

94 2920 301 3000 λεμησύντων
319 2921 444 3000 συνέβη.
478 2920 707 3010 Corrigendum
724 2921 864 2986 ridetur:
886 2921 937 2986 καί
963 2921 1115 2987 πολλαί
1141 2923 1283 2990 πόλεων

93 3043 228 3114 ἁλύσεις
269 3039 468 3120 συνέβησαν
509 3053 583 3106 aut:
622 3041 673 3106 καί
710 3043 869 3114 πολλίις
907 3043 1055 3108 πύλεωυ
1091 3081 1135 3090 -
1170 3043 1282 3124 συνέβη

96 3161 331 3250 (γενέσθαι).
368 3161 417 3226 Ib.
440 3184 486 3226 rs.
508 3165 550 3226 35
571 3161 746 3226 necessario
762 3161 998 3250 reponendum:
1022 3162 1074 3227 καί
1091 3164 1283 3242 στρατηγούς

98 3281 274 3359 ὑπέταξαν
310 3283 394 3364 αὐτῷ
429 3279 464 3359 ἓξ
494 3305 551 3372 pro
582 3280 698 3359 ἔταξαν
726 3284 791 3347 κτὲ.
839 3282 961 3348 Ibidem
992 3282 1211 3349 scribendum:
1242 3286 1285 3349 roi

96 3407 173 3488 πρὸς
207 3401 329 3484 δυσμὰς
364 3405 416 3470 καί
451 3402 560 3484 ιίρκτον
595 3405 720 3470 νεύοντα
752 3403 827 3485 μέρη
859 3417 1016 3494 expuncto
1048 3406 1180 3470 articulo
1213 3419 1285 3471 ante

96 3526 227 3606 ἄροσιν,
266 3539 303 3592 ut
340 3547 413 3591 rnor
452 3538 536 3592 recte
572 3525 707 3615 legitur:
745 3526 799 3600 την
833 3525 928 3606 πρὸς
959 3522 1003 3590 ἕω
1035 3526 1103 3590 καί
1135 3549 1286 3606 μεσημ-

96 3648 121 3726 β
130 3647 168 3728 ρί
175 3671 220 3712 αν
251 3646 396 3712 νεύουσαν
425 3647 610 3726 προσύρισαυ
641 3648 722 3728 Γαΐῳ
746 3646 890 3728 Μοτύλιρ.
939 3646 1043 3711 Minus
1072 3659 1194 3711 certum
1218 3661 1284 3728 est,

101 3767 260 3857 quomodo
295 3765 509 3834 emendandus
544 3767 583 3832 sit
616 3766 703 3832 locus
737 3789 771 3857 p.
810 3770 869 3832 171
906 3791 913 3830 :
947 3769 1009 3832 29:
1046 3765 1286 3846 ἐπικρατούντων

100 3889 126 3951 δ’
163 3889 227 3954 έπί
262 3891 416 3966 μᾶλλον
451 3888 513 3952 καὶ
544 3891 701 3965 μᾶλλον
732 3893 790 3952 τῶν
823 3885 992 3966 Ῥωμαίων.
1039 3885 1122 3953 Nam
1151 3901 1286 3977 utroque

101 4008 195 4075 modo
224 4021 310 4074 recte
342 4007 458 4074 dicitur
488 4007 538 4072 ἐπί
566 4012 690 4086 μύλλου
715 4021 746 4074 et
769 4011 892 4087 μᾶλλον
916 4008 969 4074 καί
995 4011 1137 4088 μύλλους
1161 4009 1214 4076 sod
1237 4009 1287 4074 ἐπί

100 4133 225 4206 μᾶλλον
247 4129 301 4194 καί
324 4131 447 4208 μᾶλλον
471 4128 551 4193 nihil
574 4129 741 4217 significat.
790 4129 890 4193 Possis
909 4129 1023 4217 igitur:
1047 4129 1286 4210 ἐπικρατούντων

102 4251 128 4312 δ’
160 4250 225 4314 ἐπὶ
258 4252 412 4326 μᾶλλον
444 4255 502 4314 τῶν
533 4249 708 4329 Ῥωμαίων,
736 4262 790 4316 aut
814 4250 1053 4330 ἐπικρατούντων
1077 4250 1108 4315 δὲ
1131 4253 1288 4328 μῖιλλον

104 4371 170 4436 καί
195 4373 355 4447 μᾶλλον
379 4371 444 4436 xri.
492 4369 606 4459 Neque
630 4383 700 4435 utra
724 4371 763 4436 sit
787 4371 939 4436 correctio
962 4369 1064 4435 lenior
1086 4367 1179 4433 facile
1201 4367 1289 4436 dire-

104 4491 160 4572 ris;
194 4513 269 4556 nam
301 4491 351 4556 ἐπὶ
376 4513 414 4556 er
437 4490 677 4573 ἐπικρατούντων
700 4491 783 4556 male
807 4491 975 4581 repetitum
998 4513 1063 4556 csse
1087 4489 1209 4578 potnit3
1237 4493 1289 4558 καί

1 4631 2 4714 p
103 4615 228 4688 μᾶλλον
267 4613 356 4678 nasci
396 4614 498 4702 potuit
541 4637 558 4678 ο
598 4611 808 4702 dittograpbia
842 4611 891 4677 rel
924 4633 961 4675 ex
995 4611 1286 4696 interpretamento.
