2974 5016
62 685 240 773 γενδρείαις,
264 696 409 778 corrupta
431 690 513 756 haud
548 691 641 756 dubie
669 714 707 756 ex
741 691 836 757 hacce
868 608 1191 781 γγένίύέἐύςαζςροεω

63 801 156 886 reperi
178 804 219 866 in.
235 805 356 880 codice.
382 828 474 892 quem
498 803 619 872 contuli
643 807 781 872 Parisiis.

105 915 176 1001 Gap.
206 922 267 982 12:
298 919 515 1001 καθίςαντο,
546 914 597 985 ὅτι
628 911 739 995 αὐτοῖς
769 910 874 986 ἐδόκει
899 913 1073 1007 proiecturis
1100 915 1193 1006 ἐχειν.

62 1031 145 1116 Lege
165 1031 360 1112 μεθίςαντο
380 1027 444 1098 nc.

106 1145 178 1230 Cup.
197 1148 237 1208 18
254 1145 339 1209 init:
363 1135 513 1218 Σπονδδς
532 1139 844 1232 ἐποιήσαντο-περί
866 1142 924 1224 μὲν
943 1145 1005 1208 τῶν
1025 1139 1120 1230 ἱερῶν
1131 1141 1196 1207 τῶν

61 1259 171 1322 κοινῶν
190 1247 282 1322 θύειν
303 1255 365 1322 καί
388 1253 488 1322 ἰέναι
509 1253 562 1320 καὶ
582 1245 803 1339 μαντεύεσθαι
824 1255 878 1321 καί
898 1257 1039 1342 θεωρεῖν
1057 1246 1139 1319 κατοὶ
1155 1245 1196 1318 ταὶ

62 1359 186 1456 πάτρια
216 1363 272 1434 τὸν
299 1359 506 1450 βουλόμενον.
530 1369 683 1457 Corrupto
706 1375 781 1435 sunt
805 1367 954 1435 vocabula
985 1365 1050 1431 καὶ
1083 1364 1195 1432 ἰέναι.

63 1479 144 1546 Mihi
167 1481 289 1565 quidem
314 1480 394 1546 nihil
418 1485 576 1562 occurrit,
598 1485 681 1570 quod
705 1485 807 1570 aptius
831 1489 996 1572 reponatur
1014 1504 1105 1567 quam
1119 1479 1195 1544 hoo:

63 1585 157 1658 θύειν
176 1591 323 1672 ἐξεῖναι
342 1595 396 1660 καὶ
417 1589 638 1676 μαντεύεσθαι
656 1593 720 1662 ne.
740 1601 787 1665 Of.
809 1601 883 1686 Cup.
899 1599 941 1664 28
965 1599 983 1682 t
1010 1599 1037 1675 1,
1061 1596 1135 1680 Cup.
1151 1594 1195 1658 43

63 1708 82 1790 δ
117 1709 146 1771 3.
182 1707 258 1772 Mox
294 1730 349 1794 pro
382 1706 521 1792 δικαίῳ
563 1701 720 1800 χρήσδων
745 1711 800 1778 καὶ
820 1707 928 1800 ὅρκοις
962 1735 978 1777 e
1012 1709 1196 1797 quibusdam

63 1820 153 1887 codd.
173 1821 392 1888 emendaverim
418 1821 550 1899 δίκαις
571 1814 728 1912 χρήσθιον
749 1820 812 1890 κτὲ.

108 1937 182 2023 Cap.
195 1938 255 2001 292
278 1935 443 2023 Μαντικῆς
465 1928 678 2010 δἀύτοῖςκαί
691 1934 723 2002 οἱ
736 1927 899 2020 ξύμμαχοι
919 1929 1052 2023 [αὐτῶν]
1070 1933 1198 2021 πρῶτοι

61 2039 431 2138 προσεχώρησαν-τοῖς
451 2043 513 2134 γαρ
535 2047 733 2113 Μαντινεῦσι
752 2045 854 2134 μέρος
880 2072 913 2114 τι
940 2047 998 2134 τῆς
1026 2039 1198 2136 Ἀρκαδίας

60 2160 267 2248 κατέςραπτο
291 2155 472 2248 [ὑπήκοον]
847 2241 850 2246 Ι

106 2275 183 2361 Cep.
207 2278 248 2340 31
270 2273 328 2338 fin:
359 2270 501 2338 Βοιωτοὶ
521 2272 559 2336 δε
581 2270 633 2336 καὶ
655 2272 811 2359 Μεγαρῆς
832 2263 932 2338 ταύτὸ
954 2267 1100 2358 λέγοντες
1120 2261 1197 2358 ἡσύ-

61 2387 183 2472 χαζον,
208 2377 505 2475 περιορώμενοι
530 2375 598 2450 ύπδ
624 2382 689 2446 τῶν
715 2381 995 2467 Λακεδαιμονίων,
1028 2382 1083 2448 καί
1108 2382 1198 2465 νομί-

62 2498 176 2580 ζοντές
196 2519 295 2586 σφισι
314 2492 371 2586 τήν
390 2491 541 2586 Ἀργείων
558 2493 775 2586 δημοκρατίαν
789 2487 899 2570 αὐτοῖς
915 2489 1199 2583 ὀλιγαρχουμέναις

61 2605 166 2702 ἧσσον
184 2601 357 2699 ξύμφορον
377 2601 458 2676 εἶναι
474 2611 533 2698 τῆς
552 2607 818 2690 Λακεδαιμονίαν
834 2607 1012 2684 πολιτείας.
1036 2607 1198 2675 Goellerus

59 2730 300 2813 interpretatur:
323 2727 403 2812 quod
434 2749 456 2790 α
481 2725 719 2790 lacedemoniis
753 2731 1020 2790 contemnerentur.
1064 2725 1198 2800 Ideone,

60 2866 81 2907 o
104 2842 200 2919 boue,
229 2839 341 2925 uliquis
366 2840 515 2925 quiescat,
539 2839 622 2924 quod
653 2837 809 2904 contemni
841 2861 874 2903 se
893 2838 931 2905 sb
954 2839 1129 2906 edversario
1148 2842 1199 2904 in·

60 2957 210 3044 telligut?
233 2955 385 3033 Accedit,
408 2954 491 3040 quod
514 2953 574 3020 hoe
598 2976 690 3020 sensu
712 2955 864 3020 Graecum
888 2961 936 3020 est
959 2946 1200 3043 ὑπερορώμε-

57 3093 120 3135 νοι
146 3070 233 3143 Quid
256 3070 433 3147 delitescat,
456 3091 520 3134 non
538 3069 692 3134 contendo
710 3092 758 3134 me
773 3071 938 3156 reperisse:
961 3073 1130 3134 monstrum
1156 3066 1197 3132 eli

59 3186 271 3252 certissimum
294 3191 348 3250 est.
379 3186 525 3272 Cogitavi
549 3183 587 3249 de
609 3184 801 3270 reponendo:
824 3171 1155 3268 πολυωρούμενοι.

107 3302 185 3388 Cup.
207 3303 250 3366 35
273 3301 343 3366 init.
370 3307 566 3388 expungatur
589 3299 750 3365 emblema:
774 3296 809 3363 οἵ
827 3319 865 3363 τε
882 3291 1048 3383 Ἀθηναῖοι
1068 3291 1121 3357 καί
1142 3289 1200 3372 (οἱ)

56 3405 329 3496 Λακεδαιμόνιοι.

108 3529 186 3613 Cap.
196 3533 238 3593 50
248 3529 266 3612 p
278 3532 294 3592 l
305 3551 313 3592 :
325 3549 382 3613 pro
394 3511 633 3612 ἀπομόσαι-ἦ
644 3522 706 3611 μήν
720 3513 916 3601 ἀποδώσειν,
942 3519 1012 3607 lego
1028 3506 1201 3598 ἐπομόσαι

57 3645 127 3711 xci.
139 3643 382 3730 Aristophanes:
397 3639 451 3706 καί
465 3632 564 3728 νήΔί
584 3630 772 3706 ἀποδώσειν
792 3623 970 3718 ἐπώμνυς
991 3623 1067 3704 τούς
1086 3617 1199 3702 θεούς.

107 3761 186 3848 Gap.
210 3762 251 3826 51
278 3759 422 3824 ultimum
447 3755 629 3823 vocabulum
652 3741 802 3817 ἐτελεύτα
823 3747 981 3824 exsulut03
1012 3744 1093 3810 idem
1119 3741 1200 3808 valet

58 3877 102 3942 de
128 3877 233 3964 capite
261 3876 311 3942 56.

106 3993 185 4079 Oup.
202 3993 245 4057 59
261 4013 354 4079 prope
366 3991 457 4056 finem
474 3988 630 4054 obiectum
651 3983 741 4050 velim
764 3969 921 4069 Ἀργείοις
941 3983 972 4045 et
992 3977 1061 4043 init.
1079 3997 1136 4062 cup
1156 3977 1197 4040 60

57 4105 125 4168 τῶν
146 4096 310 4193 Ἀργείων.

110 4221 247 4306 Οερ.60
273 4221 291 4303 t
316 4219 335 4282 6
359 4217 509 4282 excidisse
541 4212 689 4299 quaedum
717 4210 857 4295 suspicor
880 4209 926 4272 ric
949 4203 1199 4292 redintegranda:

57 4323 119 4401 τόν
145 4323 377 4419 receptantes
402 4322 565 4404 (καίτόν
591 4318 839 4414 Ἀλκίφρονα)
870 4311 933 4408 -r'p'
957 4321 1049 4385 toestro
1077 4309 1200 4383 λεύειν·
