2932 5004
632 334 693 396 105

21 505 22 508 ¹
79 531 203 608 apparet.
251 517 326 584 Post
348 539 448 607 pauea
472 517 588 584 ibidem
612 518 745 608 legitur:
769 515 814 584 ὔτι
838 518 890 583 καὶ
915 517 1006 590 αὐτὸς
1031 517 1045 580 ὁ
1068 513 1254 596 περιβόητος

78 645 122 704 τοῦ
148 639 427 716 τνγιιιιδεστοῡ
459 644 590 713 τοιοῦτος
621 641 725 712 δοῦλος
753 635 786 714 ἦν
809 643 861 704 τοῦ
885 641 940 714 τὴν
963 638 1089 718 λόγχην
1113 636 1250 718 ἔχοντος.

80 759 216 848 Corrige:
250 764 305 826 τοῦ
338 761 535 836 κηδεστοῦ
568 762 653 837 κτὲ.,
681 783 756 826 nem
778 759 965 848 intelligitur
986 759 1120 824 Viriathi
1152 779 1251 822 socer

81 880 194 970 lstolpa
231 880 288 970 (cf.
323 881 364 947 ir.
401 881 441 970 X)
454 930 463 960 ,
500 882 556 971 qui
589 894 675 948 reete
710 880 773 946 diei
806 892 928 970 poterat
956 883 1082 971 patris
1115 877 1250 944 Viriathi

79 1000 296 1078 τνγιιιγδεστῦς,
325 1022 390 1064 non
421 1003 538 1090 ipsius
568 997 713 1063 Viriathi.
749 999 859 1088 Praep.
886 981 939 1064 σ-νν
968 1023 986 1064 e
1015 997 1161 1089 praeced.
1189 1010 1252 1064 art·

79 1125 132 1184 τοῦ
162 1133 238 1186 nata
260 1144 328 1186 esse
351 1119 484 1186 videtur.
535 1122 623 1206 Quae
642 1120 751 1208 paucis
774 1119 944 1186 interiectis
967 1119 1116 1209 leguntur
1137 1139 1252 1184 manca

79 1254 154 1320 sunt,
185 1243 231 1308 sie
262 1243 296 1308 ni
326 1241 419 1308 lellor
446 1239 640 1330 supplenda:
680 1239 834 1322 τραπέζας
865 1241 896 1304 δὲ
929 1240 1151 1320 παρατεθείσης
1183 1240 1249 1329 (μεΙ

79 1361 153 1448 στῆς)
183 1363 387 1428 παντοδαπῶν
410 1362 593 1442 βρωμάτιον.
642 1359 783 1426 Tandem
806 1361 875 1450 lege
898 1385 996 1451 prope
1020 1362 1136 1427 linem?
1163 1359 1197 1438 ἦν
1220 1362 1253 1427 δὲ

80 1483 185 1563 idolio
212 1478 299 1556 οὔτις
335 1469 413 1569 [καὶ]
448 1482 534 1546 κατὰ
564 1479 623 1552 τοὶς
654 1480 821 1558 ὁμιλίας
851 1481 999 1564 εὔστοχος
1030 1505 1086 1572 pro
1118 1481 1256 1548 absurdo

81 1602 196 1692 vulgata
241 1601 377 1668 lectione
415 1602 500 1666 κατὰ
537 1601 596 1672 ται
632 1601 873 1680 ὁμολογίας,
909 1625 990 1690 quae
1024 1615 1073 1667 est
1104 1601 1256 1684 εὔστοχος

80 1722 272 1812 lVesselingii
307 1723 510 1800 coniectura,
548 1744 643 1810 quam
680 1744 746 1786 non
779 1724 890 1788 evertit
923 1746 975 1788 me
1009 1723 1114 1790 iudice
1148 1724 1187 1788 fr.
1226 1722 1258 1789 X

81 1843 144 1928 [Vll
179 1846 197 1927 §
229 1843 283 1924 4),
313 1841 369 1908 ubi
392 1865 492 1930 aeque
516 1855 662 1931 corrupte
684 1841 819 1931 legitur:
854 1836 887 1916 ἦν
913 1844 939 1908 δ’
965 1839 1051 1917 οὗτος
1079 1845 1163 1910 κατὰ
1195 1844 1256 1916 τοὶς

80 1964 299 2042 ὁμολογίας
324 1963 488 2046 εὔστοχος,
511 1963 572 2028 nisi
596 1962 682 2052 quod
702 1975 786 2030 reete
810 1964 924 2053 copula
947 1977 1019 2030 ante
1042 1967 1127 2031 ιιοιτδι
1148 1966 1258 2032 abesse

80 2085 204 2152 ridetur.
256 2085 320 2170 Qui
341 2085 428 2150 loeus
442 2083 533 2150 nihil
555 2083 641 2148 aliud
662 2083 794 2173 probat,
818 2107 915 2174 quam
937 2085 998 2152 hoe
1018 2086 1169 2152 mendum
1189 2111 1257 2154 esse

80 2207 276 2295 epitomatore
307 2205 466 2274 vetustius.
516 2203 695 2293 Utrobique
725 2205 822 2294 igitur
844 2206 902 2270 VV.
927 2206 1180 2272 emendationem
1204 2231 1258 2274 re·

21 2331 22 2340 ’
81 2327 249 2418 ripiendam
279 2349 345 2392 esse
377 2325 522 2390 arbitror.
571 2324 609 2390 ln
641 2325 681 2390 fr.
709 2325 828 2415 Xpost
852 2326 964 2405 rerba,
990 2350 1071 2416 quae
1093 2328 1188 2393 modo
1211 2331 1289 2394 at?

80 2448 148 2527 tali,
181 2472 200 2514 e
229 2449 271 2514 fr.
305 2446 352 2512 lX
374 2445 586 2535 supplendum
608 2468 673 2510 esse
697 2445 824 2518 iudico:
855 2451 894 2522 ὣς
919 2447 956 2514 διν
981 2447 1015 2526 ἐξ
1037 2450 1257 2516 αὐτοδιδάκτου

79 2571 123 2634 rol
145 2567 354 2650 α’διαστοῦφον
377 2567 499 2650 φύσεως
523 2566 796 2656 (ὔμοιμῦτονς)
820 2567 916 2649 φέρων
939 2569 1008 2642 τοὺς
1033 2569 1154 2647 λόγους.
1203 2571 1256 2640 lb.

21 2689 22 2766 ᾖ
80 2713 116 2754 τε.
144 2691 303 2779 281ege:
338 2687 398 2768 ἔφη
424 2687 486 2768 γῦο
509 2711 577 2753 τινα
604 2687 696 2766 μέσον
720 2688 774 2764 ἤδη
798 2689 852 2763 τὴν
875 2689 996 2765 ἡλικίαν
1019 2687 1092 2755 ὄντα
1124 2699 1255 2768 γῆμαι

78 2809 121 2876 δύο
140 2819 295 2888 γνναῖιιας
318 2831 376 2898 pro
399 2816 608 2887 γαμῆσαιτ
633 2821 665 2874 et
688 2831 733 2876 rs.
760 2815 821 2874 33:
848 2815 906 2875 τῶν
928 2810 986 2888 μὲν
1009 2810 1072 2891 γὰρ
1098 2813 1258 2890 Ῥωμαίων

78 2931 338 2998 οξτνιιτεινῦντοιν
368 2931 436 3001 τοὺς
468 2930 636 3010 ἀλλοτρίως
660 2931 733 3010 πρὸς
756 2931 868 3004 αὐτοὺς
891 2929 1042 3012 ἔχοντας,
1065 2955 1140 2998 nam
1163 2935 1258 3000 nimis

78 3052 203 3120 absurde
231 3050 379 3140 vulgatur
409 3048 698 3150 ἀποκτεινάντων,
729 3052 871 3140 quamvis
902 3065 989 3118 reete
1010 3053 1169 3141 sequitur:
1195 3056 1256 3120 τῶν

77 3175 104 3240 δὲ
124 3173 307 3242 Λυσιτανῶν
329 3171 554 3254 οὔναιροῦντοιν
577 3171 646 3244 τοὺς
670 3172 770 3238 αὐτῶν
793 3173 928 3255 ε’χῦοοῦς.

119 3293 341 3362 Oblitteratam
365 3315 431 3358 esse
455 3293 596 3382 suspicor
618 3292 752 3358 formam
775 3293 922 3359 Doricam
947 3293 1060 3362 adieet.
1086 3301 1200 3376 πρῶτος
1223 3297 1257 3361 in

79 3415 258 3502 proverbio,
295 3413 380 3502 quod
410 3425 489 3480 teste
522 3412 658 3478 Diodoro
691 3413 744 3502 (fr.
780 3413 855 3479 XIV
886 3438 910 3480 s.
944 3415 1003 3501 XI)
1036 3417 1132 3504 ipsius
1156 3415 1260 3483 adhue

21 3557 22 3570 ν
82 3547 175 3602 aetate
200 3536 233 3600 in
257 3557 312 3600 ore
333 3548 401 3602 erat
425 3531 638 3602 Cretensibus.
688 3534 790 3600 Hodie
813 3535 880 3600 sine
903 3557 995 3600 sensu
1020 3536 1180 3625 vulgetur:
1316 3519 1319 3524 ¹

254 3656 332 3722 Atat
352 3655 525 3737 Περγῦμιοι
550 3654 662 3738 nopai
685 3679 749 3721 τοι
770 3657 864 3722 κακὸν
887 3656 1061 3734 ἡγήσαντο.

118 3777 207 3844 Nihil
238 3777 365 3842 adiurat
394 3775 633 3866 palimpsestus‚
667 3799 762 3866 quem
793 3767 890 3843 reete
909 3775 941 3842 h.
976 3777 998 3842 l.
1023 3777 1100 3867 legit
1125 3781 1167 3847 M.
1219 3783 1260 3851 lt

82 3898 124 3963 rel
142 3899 209 3976 sie,
234 3896 316 3964 duee
339 3899 514 3975 sententia,
539 3897 615 3962 olim
639 3898 791 3988 seriptum
814 3898 910 3964 fuisse
932 3899 1086 3965 eoniieio:

257 4019 336 4084 Αὔαῖ
355 4016 526 4099 Περγῦμιοι
553 4021 701 4099 τιμῖιτοι
726 4023 835 4084 κακοῦ
860 4019 1036 4097 οὶγῦσαντο.

78 4137 99 4202 i.
126 4164 155 4205 e.
183 4139 287 4206 Eheu
312 4137 495 4228 Pergamii
518 4142 634 4229 primi
656 4146 817 4204 auctores
832 4137 941 4224 fuere
964 4142 1152 4223 malorum,
1177 4147 1259 4224 sire,

77 4272 111 4326 ut
130 4260 302 4328 Homerico
322 4257 576 4338 rooabuloutar‚
599 4257 779 4340 ὔμχέιιαιιοι.
817 4257 940 4349 Nempe
951 4274 1079 4351 propter
1091 4265 1259 4345 amilium,

78 4382 158 4468 qued
202 4383 237 4448 in
280 4380 365 4446 bello
408 4381 542 4447 Troiano
578 4379 723 4446 Menelao
757 4378 888 4446 tulerint
922 4378 1104 4461 Cretenses,
1140 4385 1262 4453 insulae

21 4527 22 4546 ³
76 4500 224 4570 divinitus
264 4501 473 4593 pestilentiam
517 4502 687 4567 immissam
730 4523 795 4566 esse
837 4499 989 4568 doeemur
1027 4501 1076 4574 ab*
1102 4503 1263 4573 Herodoto

78 4621 133 4690 Vll
161 4650 169 4689 τ
201 4627 264 4692 171
301 4623 343 4690 sie
375 4623 549 4688 scribente:
580 4622 665 4704 σμ’τγ
696 4621 727 4687 δὲ
756 4630 848 4702 γενεῇ
871 4621 956 4698 μετὰ
988 4621 1090 4686 Μίνων
1116 4629 1267 4702 τελευτή.

1038 4744 1071 4794 ld
