2932 5004
632 377 694 438 173

86 557 172 632 δύντες
207 567 270 633 τοῖς
306 583 340 624 τε
375 559 448 624 απὸ
486 559 567 648 (lege
603 559 702 646 κοντοὶ)
740 563 796 624 τῶν
831 565 946 639 πετρῶν
977 563 1029 624 τού
1053 561 1254 627 Καπετωλίου

86 683 187 745 ύοίεῑσι
221 683 283 745 κτὲ.
332 680 453 746 Ibidem
482 679 506 768 §
540 685 598 746 10:
632 683 657 744 οἱ
690 680 719 744 δὲ
750 681 784 744 τὸ
813 679 870 757 μὲν
901 687 1014 760 πρῶτον
1045 682 1254 762 ἐθρασύνοντο,

87 801 231 882 θαυμασίῳ
265 801 297 865 δέ
324 826 380 866 τινι
411 801 509 882 τρύπιρ
534 800 754 874 κατέστησαν.
804 799 1005 888 Requiritur:
1032 802 1252 879 μετέστησαν.

85 920 112 983 Iu
134 923 183 995 iis,
211 944 292 1009 quae
316 923 419 986 statim
445 921 657 1011 praecedunt,
683 920 782 1010 probo
808 920 941 986 Bekkeri
965 921 1197 997 coniecturam,
1222 924 1255 987 in

85 1065 167 1128 quam
199 1055 231 1107 et
259 1045 324 1131 ipso
356 1041 472 1107 incidi:
506 1045 531 1107 οί
564 1044 596 1108 δὲ
626 1041 793 1121 βουλευταί
827 1042 969 1131 (τούτουςΙ
995 1040 1043 1128 τε)
1068 1043 1255 1125 Φοβνιύέυπες

84 1163 120 1236 μέν
145 1162 195 1226 ε’πί
228 1171 331 1228 πλεῖον
363 1161 638 1250 (έκ)πολεμκύῶσι
672 1162 725 1227 καί
754 1163 822 1234 τοὺς
847 1162 1009 1244 περιοίκους
1033 1163 1105 1243 πρὸς
1128 1164 1171 1228 τὰ
1194 1187 1255 1228 πα·

84 1283 161 1359 ρι’ντα
201 1284 417 1348 συνεπιύῶνται
458 1285 546 1364 σφίσι
584 1283 668 1358 κτὲ.;
702 1283 761 1347 nisi
793 1283 877 1371 quod
913 1283 1007 1348 simul
1039 1283 1255 1372 reponendum

83 1403 133 1466 erit
171 1402 456 1490 (εἰι)πολεμονίῶσι.
513 1403 629 1468 Lenius
675 1402 802 1491 quidem
845 1403 1002 1492 scripseris
1041 1406 1255 1482 πολεμυύῶοι,

84 1521 128 1586 sed
154 1523 286 1589 rerbum
321 1523 452 1613 simplex
475 1521 586 1588 dubito
617 1545 656 1588 on
681 1535 903 1612 praeterquam
928 1523 1011 1613 apud
1037 1523 1254 1612 Thucydidem

82 1643 261 1709 imeuiotur.
311 1643 441 1710 Serioris
462 1656 546 1709 certe
564 1645 631 1708 ueri
657 1643 858 1733 scriptoribus
881 1666 944 1708 nou
964 1642 1088 1709 ridetur
1110 1645 1204 1711 fuisse
1224 1647 1257 1710 iu

82 1785 142 1829 usu.
192 1765 264 1830 Mox
295 1762 319 1852 S
353 1769 412 1829 10:
447 1763 555 1829 τύλλα
586 1763 668 1843 μέλη
703 1801 747 1812 -
782 1763 970 1838 ἐστασίασε,
1004 1764 1138 1840 λέγοντα
1172 1765 1257 1831 αὐτοὶ

82 1887 129 1960 μὲν
146 1886 198 1950 καί
220 1883 316 1948 οίσιτα
334 1885 386 1950 καὶ
407 1883 534 1950 ἄποτα
552 1893 652 1950 πονεῖν
673 1884 724 1948 καί
741 1892 958 1965 ταλαιπωρεῖν,
978 1881 1036 1949 ίίτε
1056 1883 1108 1949 καί
1125 1883 1255 1950 ἅπαντα

81 2009 152 2088 αὐτῇ
176 2005 394 2083 διακονούμενα
418 2007 484 2072 κτὲ.
531 2005 604 2070 Post
621 2003 725 2070 ἄποτα
745 2003 893 2070 excidisse
912 2003 1036 2070 ridetur
1054 2006 1256 2095 participium

83 2125 156 2191 ἔνια.
206 2125 346 2192 Tandem
380 2125 403 2215 §
435 2130 471 2190 ll
500 2128 695 2216 corrigatur:
721 2125 756 2190 τὸ
783 2125 839 2204 μὲν
863 2133 977 2206 πρῶτον
1000 2163 1045 2176 --
1068 2125 1178 2193 ἔπειτα
1204 2125 1255 2214 (δ’)

83 2246 208 2314 retroue
232 2247 284 2312 καί
309 2245 443 2325 ἐξέκαμε
471 2250 535 2312 κτὲ.

120 2368 195 2457 Peg.
225 2372 279 2446 17,
307 2372 345 2433 17
373 2367 396 2457 ἕ
422 2375 473 2434 15:
500 2371 542 2450 τῷ
564 2370 628 2449 γὰρ
651 2373 706 2445 τὴν
729 2371 829 2450 ἀρχὴν
853 2371 964 2442 αὐτούς
989 2372 1031 2447 μὴ
1056 2369 1104 2432 ἐπ’
1128 2366 1206 2434 οίλλο
1227 2393 1256 2434 τι

28 2495 29 2500 ’
82 2491 96 2562 ἣ
124 2496 210 2559 τοῖς
241 2489 433 2569 βιαζομένοις
466 2489 553 2562 τινας
586 2491 790 2554 ε’ναυτιοῦούαι
820 2489 1007 2568 λαμβάνειν.
1057 2489 1104 2554 Ne
1136 2489 1258 2556 soloeca

82 2610 173 2674 oratio
197 2611 256 2688 sit,
281 2609 469 2698 legendum:
496 2611 513 2686 ἢ
537 2609 581 2674 τὸ
605 2617 689 2682 τοῖς
713 2611 776 2674 xri.

28 2765 29 2768 ν
121 2729 169 2794 lb.
199 2735 239 2795 18
264 2727 288 2818 §
315 2733 354 2794 t:
387 2730 438 2794 καί
463 2735 555 2807 λιμοῦ
579 2729 739 2809 γενομένου
764 2732 890 2810 ἰσχυροῦ
914 2730 965 2794 καί
986 2725 1117 2812 Νύρβλς
1142 2729 1259 2799 πόλεως

82 2849 286 2931 ύποικίζεσύαι
321 2850 576 2930 βουλομένης
608 2854 642 2915 τὸ
674 2853 788 2926 πλῆθος
819 2853 868 2915 ἐπ’
899 2851 1085 2934 ύμφοπέροις
1116 2852 1258 2921 αὐτοῖς

80 2972 144 3044 τοὺς
177 2971 322 3043 δυνατοὺς
358 2970 527 3054 ᾐτιάσατο,
562 2974 607 3044 ὥς
643 2971 709 3036 καί
746 2971 783 3035 δι’
816 2971 944 3044 ἐκείνους
975 2971 1029 3036 καὶ
1061 2980 1115 3048 τῆς
1144 2978 1259 3054 τροφῆς

81 3091 300 3174 οτερισκίμενοι
331 3093 382 3156 καί
414 3093 444 3166 ές
467 3092 536 3165 τοὺς
562 3091 725 3169 πολεμίους
749 3091 890 3166 ἐπίτηδες
916 3094 964 3156 ἐπ’
989 3091 1094 3174 ὀλέθρῳ
1117 3092 1259 3174 προύπτῳ

80 3213 269 3290 ἔκδιδύμενοι.
326 3213 455 3302 Triplici
489 3214 617 3279 nomine
648 3212 727 3278 hoec
764 3213 871 3278 vitiose
906 3225 989 3279 suut.
1046 3213 1119 3278 Pars
1155 3227 1260 3280 autem

80 3336 229 3421 posterior
251 3333 344 3400 facile
367 3333 528 3400 emendari
550 3347 652 3423 potest
676 3333 860 3399 scribendo:
896 3334 946 3398 ἐπ’
970 3334 1156 3415 ἀμφοτέροις
1180 3335 1261 3400 τού-

28 3533 29 3538 ¹
80 3479 159 3528 τοις
194 3455 264 3528 τοὺς
301 3453 445 3526 δυνατοὺς
478 3453 628 3536 ρ’ρτιοίσατο
663 3457 708 3527 τίς
744 3453 781 3518 δι’
816 3455 945 3530 ἐκείνου,
970 3467 1125 3543 expuncta
1147 3456 1261 3544 copulo

28 3659 29 3672 χ
81 3578 150 3642 ritio
181 3589 256 3642 nota
287 3597 324 3640 ex
355 3579 403 3650 ὡς.
453 3573 557 3641 Minus
586 3587 671 3640 certa
695 3587 740 3640 est
764 3574 920 3640 medicina
945 3575 1083 3663 corrupti
1105 3575 1262 3664 participii

28 3689 29 3746 1
78 3697 284 3776 βουλομένης,
317 3718 380 3759 non
405 3696 489 3760 enim
514 3696 635 3785 reperio
661 3695 744 3784 quod
768 3694 805 3759 od
831 3694 1018 3760 sententiam
1042 3695 1143 3783 aptius
1168 3695 1262 3760 etad

28 3853 29 3864 ν
81 3819 238 3908 vulgatam
273 3815 442 3882 lectionem
476 3818 603 3907 propius
636 3819 810 3906 corrigetur
842 3838 937 3904 quom
960 3815 1263 3894 βουλευομένας

28 4015 29 4020 ¹
79 3962 168 4004 seusu
190 3939 333 4028 passivo,
359 3949 395 4002 ut
418 3936 530 4002 dixerit
553 3937 632 4002 Dio:
659 3961 761 4026 quum
785 3936 1041 4001 deliberaretur
1066 3935 1264 4004 decoloria

81 4059 278 4126 deducenda
317 4059 480 4126 Norbam.
530 4059 706 4124 Insolenter
743 4071 850 4124 tomen
889 4057 1009 4124 dietum
1041 4057 1139 4124 rideri
1166 4061 1264 4149 possit

78 4182 164 4254 πύλις
200 4179 411 4262 οίποικίζεσίοιι
446 4179 631 4260 βουλεύεται
666 4203 723 4270 pro
758 4179 847 4246 πόλιν
882 4179 1049 4261 ἀποικίζειν
1083 4179 1260 4258 βουλεύουσι

81 4300 319 4389 (βουλεύονται).
376 4301 423 4367 De
463 4323 525 4390 qua
560 4325 593 4367 re
628 4301 769 4366 iudicent
804 4325 855 4366 me
890 4302 1064 4392 peritiores.
1122 4297 1263 4388 Cogitavi

28 4433 29 4504 ί
79 4445 203 4512 quoque
235 4423 274 4489 de
303 4422 497 4502 μελλούσας,
531 4421 584 4488 sed
615 4422 675 4488 hoo
711 4434 780 4488 tum
803 4423 938 4488 nimium
962 4447 980 4486 ιε
1002 4421 1128 4509 rulgrto
1148 4417 1261 4500 distat,
1359 4415 1364 4426 '

79 4555 145 4609 tum
169 4566 295 4612 sensum
319 4568 383 4610 non
408 4567 507 4634 oeque
532 4557 640 4633 aptum
662 4544 813 4633 praebere
836 4543 970 4610 ridetur.

28 4655 29 4700 1
124 4665 195 4756 Peg.
246 4673 306 4733 18.
352 4666 395 4733 ib.
441 4664 465 4753 ὃ
510 4669 547 4730 6:
594 4665 756 4731 dordracum
799 4666 816 4740 ἢ
860 4663 910 4727 καί
950 4661 1044 4742 μείζω
1076 4657 1118 4764 ξύν
1154 4659 1265 4727 ἔποιύου
