2990 5012
673 440 717 506 43

139 643 174 700 ut
206 643 326 700 taceam
352 633 482 718 πίμπλα
508 630 682 700 barbarum
707 650 779 698 esse
802 651 861 720 pro
890 630 1029 717 πίμπλη.
1079 628 1142 696 lam
1168 646 1259 704 vero,

137 747 212 836 quia
241 747 363 816 omisso
388 747 441 815 illo
467 747 623 814 rocalrulo
648 745 764 814 ceteris
788 744 947 814 sententia
971 743 1092 831 optime
1116 752 1258 817 constat,

136 863 286 952 suspicor
309 860 499 930 delitescere
524 882 643 930 nomen
667 861 797 951 aliquod
822 859 990 950 proprium
1010 869 1041 926 ct
1058 867 1172 946 poetae
1188 857 1260 924 red-

136 977 278 1045 dendum
303 997 392 1045 esse:

246 1095 441 1178 Πάμφιλε,
468 1101 504 1162 σε)
527 1101 587 1178 μὲν
613 1099 695 1178 ἐμοί,
722 1103 770 1163 σοί
794 1097 821 1162 rl'
847 1097 909 1175 ἐγὼ
934 1095 1025 1160 δώσω
1049 1102 1146 1159 πιεῖν.

137 1207 256 1296 φολλοω
281 1207 359 1276 nihil
384 1209 495 1277 estad
520 1208 773 1296 intellegendum
799 1206 931 1276 facilius.

180 1321 281 1391 Etiam
306 1323 411 1392 lenius
435 1326 475 1392 ad
499 1324 668 1414 pristinam
694 1323 862 1392 sanitatem
887 1321 1031 1390 revocari
1055 1331 1163 1410 potest
1185 1342 1259 1409 pars

138 1439 308 1526 liagmenti
333 1439 548 1508 Puormcmrs
572 1439 604 1508 in
629 1439 757 1508 Stobaei
782 1437 953 1526 Florilegio
977 1436 1015 1502 Vl
1033 1437 1092 1512 30,
1117 1435 1172 1502 ubi
1197 1455 1261 1501 me-

137 1553 233 1622 retrix
266 1555 348 1624 vitae
380 1576 457 1622 suae
489 1567 634 1644 pertaesa
666 1565 794 1622 enarrat
827 1553 972 1621 miserias
1006 1562 1037 1620 et
1070 1571 1259 1630 aerumnas,

135 1669 331 1759 quibuscum
357 1671 538 1739 conflictata
563 1671 621 1738 sit:

224 1792 321 1875 τρίτῳ
342 1785 461 1875 (inquil
485 1808 528 1853 vs.
556 1789 610 1870 16)
637 1786 800 1866 σονέζεοξ’
824 1797 941 1872 ἡτείχη
960 1813 997 1868 με
1020 1784 1184 1870 φιλοσόφῳ

224 1904 353 1986 πώγων’
372 1909 481 1992 ἔχοντι
506 1911 559 1972 καί
588 1909 732 1991 τρίβωνα
756 1907 811 1968 καί
836 1901 943 1982 λόγον·

224 2026 268 2095 είς
295 2015 460 2104 προῦπτον
487 2019 611 2104 ἦλθον
636 2027 852 2105 ἐμπεσοῦσα
877 2019 915 2099 δὴ
941 2023 1054 2082 κακον.

182 2130 229 2197 lh
260 2130 362 2198 Attica
393 2152 459 2200 non
490 2133 587 2200 morlo
615 2133 772 2220 elegantia
798 2135 854 2202 sed
878 2135 918 2201 ab
942 2133 1093 2200 universa
1119 2130 1259 2198 Graecae

137 2245 268 2334 linguae
297 2247 404 2316 indole
429 2248 603 2316 abhorrere
626 2248 706 2317 milri
730 2249 858 2318 ridetur
887 2249 964 2316 illud
997 2251 1120 2334 ἦλθον
1153 2252 1259 2332 ἐμπε-

135 2371 254 2431 σοῦσα
278 2382 337 2450 pro
361 2366 523 2433 ἐνέπεσον.
555 2364 726 2452 Aliquanto
751 2375 837 2431 eertc
861 2363 978 2430 melius
1001 2361 1124 2428 dictum
1148 2360 1225 2428 erit:

271 2487 314 2558 είς
338 2475 503 2564 προῦπτον
527 2482 682 2548 ἔλαθον
708 2489 924 2564 ἐμπεσοῦσα
952 2481 991 2562 δὴ
1014 2488 1116 2546 κακὸν

133 2592 153 2657 i.
179 2613 205 2658 e.
232 2593 267 2658 ia
292 2595 502 2679 menifestum
522 2596 649 2660 multem
666 2593 860 2681 iutprudeus
875 2592 994 2668 incidi,
1013 2603 1045 2659 el
1061 2611 1165 2680 prono
1181 2611 1258 2658 saue

134 2727 242 2774 errore
260 2728 318 2796 pro
335 2715 536 2778 ΕΛΑΘΟΝ
551 2731 568 2776 a
586 2707 690 2776 scriba
712 2715 872 2782 ΕΛΘΟΝ
891 2707 927 2788 (i.
952 2729 978 2773 e.
997 2707 1115 2791 ἦλθον)
1134 2704 1258 2773 exarari

134 2820 250 2910 potuit.
275 2822 319 2888 lle
336 2833 444 2890 autem
465 2823 546 2890 sorte
562 2821 679 2910 aliquis
695 2833 787 2910 putet
800 2821 969 2910 προῦπτον
987 2834 1019 2890 et
1035 2825 1159 2892 ἔλαθον
1174 2821 1257 2889 inter

134 2959 205 3006 sese
230 2959 392 3027 pugnare,
418 2959 536 3008 moneo
560 2939 637 3006 illud
662 2938 856 3006 adiectirum
883 2959 947 3006 non
970 2936 1152 3025 significare
1181 2967 1257 3023 προ-

133 3062 309 3142 ορώμενον,
345 3055 401 3121 sed
434 3053 542 3142 polius
565 3056 823 3139 ἀναμφίλεκτον,
852 3058 1154 3141 ἀναμφισβήτητον.
1182 3058 1258 3136 όμο·
1304 3103 1307 3119 .

134 3169 340 3254 λογοείμενον.

178 3279 300 3348 Nomen
326 3281 492 3369 proprium
518 3282 696 3350 meretricis
721 3284 829 3369 Ἰσχὰς
854 3281 1045 3348 delitescere
1071 3281 1104 3348 in
1121 3280 1258 3348 lectione

132 3396 303 3464 manifesto
328 3397 499 3486 depravata
525 3402 817 3486 άπατομπανισχας
838 3398 924 3486 apud
943 3399 1056 3474 Athen.
1077 3397 1116 3464 tt
1132 3419 1163 3486 p.
1194 3400 1256 3464 166

132 3535 178 3588 c.,
204 3511 260 3579 ubi
288 3513 365 3580 citat
382 3515 535 3580 llxtomct
560 3513 775 3598 fragmentum
800 3533 817 3579 e
846 3511 1032 3598 Tyrrheno,
1059 3513 1193 3600 pulchre
1210 3511 1258 3578 in·

82 3658 87 3666 ·
133 3627 253 3696 tellexit
278 3627 405 3696 Comes.
452 3627 572 3696 Comici
598 3628 692 3694 verba
718 3627 797 3694 haec
823 3638 916 3694 sunt:

674 3751 691 3809 0'
717 3746 915 3830 Πυθόδηλος
937 3749 1042 3812 οὑτοσί

312 3865 330 3926 o‘
353 3861 510 3927 Βαλλίων
533 3860 714 3946 προσέρχετ’
733 3860 986 3942 ἐπικαλούμενος

314 3982 480 4057 μεθύουσά
508 3975 535 4040 τ’
555 3978 727 4053 ἐξόπισθεν
755 3984 772 4057 η’
796 3983 1019 4060 σοφωτάτη

316 4095 673 4178 οἰπστομπανισχας
699 4095 782 4154 κατά
806 4088 909 4164 πόδας
932 4095 1113 4169 πορεύεται.

182 4201 323 4270 Coraesii
350 4201 492 4290 vestigiis
517 4202 669 4275 insistens
693 4202 842 4290 suspicor
866 4214 992 4290 poetam
1018 4203 1204 4293 scripsisse:

860 4328 879 4401 η’
905 4329 1125 4407 σοφωτάτη

248 4440 333 4518 περὶ
359 4434 524 4518 τείμπαν’
550 4433 675 4522 ’loquio
700 4441 783 4501 κατὰ
809 4434 912 4529 πόδας
937 4445 1120 4519 πορεείεταε.

182 4548 289 4616 lsclras
304 4546 526 4638 tympanistria
540 4549 653 4616 eodem
667 4547 747 4628 iure,
762 4547 887 4637 opinor,
901 4557 1070 4636 σοφωτάτη
1090 4558 1164 4635 περὶ
1183 4559 1257 4635 τύμ-
