2968 5014
107 611 135 676 E
157 609 311 684 Quinctil.
334 607 413 674 Inst.
439 611 477 686 3,
509 612 546 686 1,
572 611 615 674 14
637 614 761 697 apparet
784 631 801 672 e
822 610 999 678 Philoctete
1016 610 1192 678 fabulabor

59 748 168 792 versus
192 731 332 811 sumptos
361 746 444 802 esse,
474 745 511 791 ex
543 725 695 791 Cicerone
716 724 755 790 de
777 726 864 790 Orat.
886 727 959 805 ΙΙΙ,
983 731 1043 806 35,
1067 731 1130 793 141
1154 727 1193 794 ab

58 843 130 928 ipso
156 838 332 906 Philoctete
358 840 455 904 fuisse
485 840 712 926 pronuntiatos.
732 841 919 906 Graecorum
942 841 1041 930 igitur
1063 843 1117 928 qni
1140 840 1193 907 bic

58 959 248 1021 memoratur
275 955 450 1020 excercitus
473 955 526 1020 vix
550 953 630 1020 alius
653 977 719 1022 esse
740 959 862 1043 potest,
883 977 974 1042 qoam
997 957 1051 1042 qui
1075 978 1193 1045 expug-

56 1070 295 1136 navit'i'roiam.
318 1069 379 1136 His
400 1068 522 1156 positis,
544 1069 620 1136 mihi
644 1069 770 1156 quidem
789 1069 1041 1136 obscurissimum
1058 1076 1121 1149 est,
1138 1093 1194 1136 cur

58 1184 202 1252 additum
231 1185 275 1251 sit
297 1183 484 1250 adiectivnm
507 1171 638 1259 παντός.
661 1185 793 1252 Manum
815 1190 941 1273 poetae,
960 1207 1050 1271 quam
1069 1185 1194 1273 Euripi-

58 1301 130 1366 dem
153 1322 219 1366 esse
241 1304 316 1365 sunt
339 1299 394 1386 qui
417 1296 617 1386 probabiliter
645 1300 860 1386 suspicentur,
887 1300 1032 1366 restitues
1065 1301 1194 1366 rorone

58 1413 247 1480 scribendo:

215 1517 300 1616 άπὲρ
321 1549 358 1614 γε
376 1525 487 1612 μέντοι
506 1525 577 1593 τοῦ
597 1517 853 1616 Πανελλήνων
875 1528 998 1616 ςρατοῦ

215 1631 351 1728 αἰσχράν
373 1637 499 1704 σιωπᾶν
519 1630 712 1728 βαρβάρους
731 1629 762 1704 δ’
782 1636 837 1705 ἐᾶν
857 1636 968 1725 λέγειν.

59 1752 238 1838 Comparari
262 1751 379 1839 poterit
401 1774 429 1817 v.
453 1773 480 1818 c.
502 1749 572 1840 Iph.
597 1752 670 1818 Aul.
693 1755 768 1818 850.

104 1865 275 1956 Vulgatam
297 1865 462 1933 lectionem
485 1868 636 1956 originem
668 1867 775 1934 debere
797 1871 872 1954 puto
896 1865 1075 1932 huiusmodi
1099 1865 1194 1932 libro-

60 2005 128 2050 rum
154 1984 341 2070 scripturae:

266 2173 353 2270 άπέρ
375 2203 412 2267 γε
433 2179 542 2266 μέντοι
563 2121 808 2270 νάάυνελλήνων
830 2184 958 2272 ςραισῦ.

106 2533 368 2600 8ολιο1.λῐ.Αν.
394 2537 477 2600 1647
509 2526 624 2621 (δεῦρ’
651 2527 703 2608 ὠς
733 2527 790 2616 ἔμ’
819 2521 1101 2620 ἀποχώρησον,
1132 2527 1196 2596 ἵνα

59 2646 98 2712 σι’
128 2667 192 2712 σοι
221 2638 374 2736 φράσω)
402 2637 489 2734 δεῦρ’
516 2638 563 2722 ὠς
591 2636 642 2729 ἔρι’
668 2637 898 2733 άποχώρησσν]
928 2635 980 2710 ὅτι
1006 2637 1119 2727 ὅμοιον
1147 2642 1196 2726 τῷ

59 2749 155 2846 τόπῳ
177 2758 307 2845 ἐκείνῳ·

207 2862 296 2958 δεῦρ’
317 2868 419 2937 ἐλθέ·
441 2866 507 2936 σάν
528 2869 592 2936 σοὶ
611 2862 714 2935 τάλλα
733 2859 895 2952 βούλομαι
915 2855 1054 2955 φράσαι.

103 2984 242 3051 Verbum
266 2974 406 3072 φράζειν
438 3005 603 3070 numquam
628 2983 744 3050 Graece
767 2981 896 3070 ponitur
919 3001 975 3067 pro
998 2968 1196 3068 φράζεσθαι

59 3102 79 3164 i.
102 3122 128 3164 e
151 3101 340 3179 deliberare3
364 3101 469 3185 itaque
492 3095 621 3186 φράσαι
642 3089 700 3164 σάν
720 3093 783 3162 aaut
802 3118 833 3160 τι
852 3118 891 3161 ne
914 3094 1046 3183 cogitari
1070 3089 1196 3178 quidem

60 3222 175 3301 potest.

103 3331 179 3397 Nisi
202 3331 324 3419 egregie
347 3329 455 3408 fallor,
474 3329 595 3417 tragico
618 3326 777 3392 lenissima
795 3326 967 3392 mutatione
989 3319 1195 3388 reddendum:

182 3439 271 3528 δεῦρ’
292 3435 358 3510 ἔλθ’
379 3437 419 3519 ἐς
440 3431 507 3517 οὖς
527 3461 593 3508 σοι
613 3431 715 3504 νάλλα
734 3428 895 3524 βούλομαι
917 3427 1056 3526 φράσαι.

104 3557 206 3631 Quam
231 3559 417 3623 verissimam
441 3555 682 3622 emendationem
698 3551 792 3618 debeo
806 3551 877 3618 loco
892 3550 999 3637 biurio
1014 3548 1083 3614 Ion.
1099 3548 1195 3612 1521:

185 3661 277 3759 δεῦρ’
299 3661 367 3737 ἔλθ’
389 3667 427 3746 ἐς
449 3656 514 3744 οὖς
536 3688 598 3734 σοι
617 3658 697 3741 σούς
720 3656 834 3751 λόγους
854 3661 958 3730 εἰπεῖν
979 3660 1063 3730 θέλω

57 3806 168 3871 quem,
201 3783 280 3850 nihil
303 3792 339 3849 ut
362 3783 486 3848 videtur
510 3782 695 3869 suspicatus,
718 3779 883 3845 Nauckius
907 3776 1031 3864 (Adesp.
1054 3776 1092 3841 fr.
1116 3777 1195 3861 aba)

59 3899 200 3966 consenc
222 3899 368 3965 lectorem
393 3899 487 3963 iubet.
509 3897 697 3982 Quicunque
718 3916 789 3961 vero
810 3894 947 3970 noverit,
966 3891 1046 3980 apud
1070 3889 1196 3976 Euripi-

59 4015 129 4080 dem
147 4013 166 4080 λ
181 4014 202 4080 l.
217 4015 395 4102 praecedere
412 4014 495 4080 huno
512 4034 646 4078 versum:

188 4123 231 4193 τά
252 4125 282 4194 d'
300 4121 397 4194 ἄλλα
419 4147 505 4216 προς
526 4148 563 4190 σε
581 4116 779 4208 βούλομαι
798 4114 897 4208 μόνον
916 4111 1056 4211 φράσαι,

58 4265 121 4306 non
150 4239 304 4308 dubitabit
324 4265 441 4308 mecum
457 4245 592 4307 statuere
607 4239 850 4306 Grammatioom
866 4235 950 4301 huuc
969 4237 1070 4322 ipsum
1087 4235 1192 4298 afferre

60 4359 154 4424 lonis
184 4358 301 4437 locum,
345 4359 397 4424 sed
433 4357 596 4423 memoriae
628 4354 715 4440 lapsu
758 4375 852 4420 unum
889 4371 1007 4416 versum
1043 4349 1151 4414 fecisse
1179 4369 1195 4410 e
