2944 5002
634 347 675 406 53

97 530 326 623 acquiescendum
358 532 417 596 erit
444 532 476 596 in
500 529 700 595 Rhodomoni
724 531 901 620 suspicione
924 533 1168 613 ἐστρατεύσατο,
1194 532 1247 600 scd

97 667 235 744 eopacto,
264 665 301 718 ut
324 652 417 718 simul
439 664 582 717 mutatur
604 653 647 725 είς
672 651 705 715 in
729 651 792 716 ε’πί.

129 777 168 842 n.
195 775 276 854 ill,
303 797 336 865 p.
364 778 405 840 42
433 799 440 838 :
472 781 508 838 l:
536 775 593 838 ἐπ’
616 773 803 856 οίμΦοτέροις
824 773 901 853 νίορ
924 782 987 846 τοῖς
1011 776 1157 855 πολέμοις
1180 777 1249 843 ποκ’-

96 923 140 972 τιις
166 895 416 981 ἐπιφανεστάτας
447 893 574 976 πρήξεις
603 893 887 976 κατεργασάμενος.
935 895 1095 985 Requiro:
1123 897 1161 962 ἓν
1185 899 1250 977 οὶμ·

95 1021 199 1100 φιτίροις
229 1027 293 1091 τοῖς
325 1017 469 1096 πολέμοις
501 1019 581 1094 κτλ,
611 1039 746 1105 quorum
778 1016 966 1082 mendorum
996 1016 1058 1084 hoc
1089 1019 1154 1084 iam
1187 1041 1251 1084 non

97 1140 154 1228 [ugit
175 1139 345 1206 Reiskium.
394 1139 432 1203 In
457 1139 525 1226 ipso
545 1138 609 1203 fine
627 1137 733 1204 labem
749 1139 938 1204 contraxisse
957 1137 1082 1206 videtur
1102 1139 1251 1204 ultimum

96 1260 253 1326 vocabulum
292 1279 420 1338 eorum,
464 1281 546 1348 quae
588 1257 784 1324 adscribam:
823 1260 1042 1339 παρεστήσατο
1075 1259 1126 1324 τὸν
1158 1259 1252 1338 θήμον

96 1382 169 1462 ἑαυτῷ
198 1380 389 1462 παραδοῦναι
423 1380 478 1455 τήν
511 1379 705 1460 στρατηγίαν
739 1375 811 1452 ίλκς
842 1387 897 1454 τής
929 1379 1051 1458 Λιβύης
1080 1381 1123 1452 είς
1146 1379 1252 1462 χρόνον

95 1501 290 1578 ὀλίγιστον.
338 1500 421 1566 Nam
443 1499 667 1590 exspectaveris
689 1500 811 1588 potius:
838 1500 881 1572 είς
908 1500 1015 1580 χρόνον
1046 1499 1252 1580 οὶίριστον,

94 1622 109 1682 i.
126 1645 148 1686 e.
163 1623 199 1686 in
216 1634 344 1711 tempus
368 1620 598 1709 indefinitum.
649 1619 805 1692 Graecum
824 1633 952 1686 nonest
975 1643 1013 1686 eo
1033 1643 1145 1698 sensu,
1168 1621 1253 1710 quod

94 1745 226 1832 proposuit
251 1742 456 1822 ltindorfius,
480 1742 659 1822 αλίγιστον.

126 1863 168 1930 dr.
200 1865 299 1955 ΧΗΙς
330 1867 356 1932 υί
379 1866 409 1931 st
428 1864 496 1945 περί
520 1864 571 1930 τὸν
594 1861 715 1944 Βοίρκαν
738 1865 774 1928 τὸ
797 1866 850 1928 τοῦ
877 1863 1009 1938 πλήθους
1033 1863 1158 1936 ἐλλιπὲς
1182 1873 1252 1940 ταῖς

91 1985 235 2065 ἐμπειρίαις
272 1987 430 2066 ἐπειρῶντο
465 1985 688 2066 διορθώσασθαι.
736 1983 954 2073 Negligentius
988 1983 1067 2052 hacc
1104 1985 1148 2051 M.
1184 1985 1254 2052 des-

93 2106 188 2196 cripsit;
221 2131 299 2173 nam
328 2107 547 2197 palimpsestus
580 2106 746 2172 manifesto
778 2105 928 2173 exhibet:
963 2114 1033 2178 ταῖς
1067 2105 1253 2196 (ἀρεταῖς

92 2228 152 2314 καί)
174 2239 244 2303 ταῖς
270 2227 452 2310 ἐμπειρίαις.

122 2347 397 2440 interpretamento
431 2347 530 2414 libera
563 2348 602 2412 fr.
639 2346 714 2412 xlv
750 2369 794 2412 vs.
832 2349 851 2412 4
888 2345 933 2437 (p.
973 2349 1051 2436 43):
1088 2349 1119 2412 ἐν
1141 2358 1179 2430 τῇ
1202 2349 1255 2415 ὑπ’

89 2469 163 2534 αὐτοῦ
192 2471 349 2552 κπισθείσρ
378 2468 468 2536 πόλει
500 2470 618 2554 [Λευκή
641 2466 760 2555 ήκρμ],
788 2489 862 2535 nam
885 2468 978 2534 tertio
1003 2492 1047 2535 vs.
1074 2481 1147 2535 autc
1170 2469 1256 2537 diae·

88 2602 140 2653 nt:
173 2589 277 2657 ἔκτισε
311 2589 400 2658 πόλιν
430 2591 602 2669 μεγίστην,
631 2587 770 2662 καλέσας
805 2589 902 2663 αὐτήν
933 2589 968 2654 ἐκ
999 2597 1053 2664 πής
1084 2593 1138 2654 τοῦ
1161 2589 1256 2658 τόπου

89 2709 175 2785 θέσεως
201 2715 325 2792 Ἀκραν
353 2711 484 2786 Λευκήν.
532 2710 689 2788 Ἀμίλκας
722 2710 748 2774 δ’
772 2715 879 2792 Ἑλική
900 2718 939 2792 πή
963 2709 1052 2776 πόλει
1076 2713 1255 2791 παρακαθή·

88 2854 158 2904 μενος
179 2834 214 2898 τὸ
239 2840 387 2898 πλεῖστον
410 2831 593 2912 οτροίτευμα
617 2833 660 2904 είς
685 2831 961 2912 παραχειμασίαν
984 2832 1073 2907 aas„
1097 2831 1153 2898 ubi
1175 2833 1257 2899 male

86 2948 171 3018 editur
193 2953 482 3033 παραχειμασίας.
530 2951 568 3016 In
588 2950 699 3016 eodem
723 2963 870 3040 excerpto
892 2975 925 3041 p.
953 2955 995 3018 42
1019 2975 1064 3018 vs.
1090 2956 1132 3018 29
1156 2966 1188 3019 et
1212 2951 1256 3020 κε’.

88 3075 118 3134 36
148 3073 256 3138 malim
293 3071 448 3138 scribere:
487 3069 617 3154 ζονρίρ
656 3072 774 3154 ἐλήφθη
813 3084 845 3144 et
872 3071 1003 3157 ζυμρίρι
1026 3075 1053 3140 δ’
1078 3073 1176 3155 ἔλαβε
1200 3098 1257 3164 pro

85 3191 221 3273 ζυμρίας
247 3196 315 3262 κτὲ.
362 3193 533 3282 Aliquanto
556 3193 646 3282 peius
669 3192 814 3258 laborant
837 3216 920 3282 quae
943 3207 1137 3282 sequuntur,
1162 3219 1195 3286 p.
1212 3201 1254 3263 43

87 3331 117 3375 rs.
136 3319 172 3380 5:
200 3317 504 3394 συνεκβσκθήσαντες
527 3314 558 3379 δὲ
581 3319 634 3379 τοῦ
658 3315 805 3394 Ὀρισσὼν
828 3313 984 3392 βασιλέως
1003 3323 1067 3389 τοῖς
1087 3331 1257 3396 πολιορκου·

85 3433 181 3512 μένοις,
218 3437 299 3516 δθλιρ
333 3435 444 3518 Φιλίαν
478 3433 729 3512 συνεπιθέμενος
773 3434 827 3508 καί
867 3437 1087 3516 συμμαχήσας
1130 3435 1258 3518 ἔτρεψεν

83 3557 235 3632 Ἀμίλκαν.
274 3556 438 3623 inchoavit
461 3579 525 3622 non
549 3555 681 3620 absolsit
703 3555 797 3620 huius
821 3555 882 3620 loci
905 3555 1158 3623 emendationem
1182 3557 1257 3625 Din-

83 3671 182 3744 donus
206 3677 432 3746 rescribendo:
454 3677 566 3758 Φιλίαν
587 3675 828 3754 συνθέμενος
850 3677 902 3742 καί
923 3679 1161 3760 συμμαχήσαςς
1183 3703 1257 3745 nam

81 3797 174 3866 cadem
207 3823 308 3892 opens
335 3799 527 3866 restituenda
550 3799 659 3864 fuisset
681 3797 817 3864 fonnula
846 3797 965 3865 Graeca
989 3801 1170 3880 notissima,
1196 3823 1259 3891 qua

78 3915 121 3984 hic
158 3945 295 4013 quoque
338 3919 429 3986 Diod.
463 3941 556 3984 usum
590 3941 656 3986 esse
691 3919 798 3984 nullus
832 3918 962 3986 dubito:
1001 3920 1076 4004 δίλερ
1111 3923 1260 4006 φιλίαν

79 4044 304 4124 συνθέμενος
325 4065 369 4106 τε
392 4040 458 4106 καί
482 4039 734 4121 συμμαχίαν
755 4039 881 4122 ἔτρεψεν
900 4041 1069 4122 Ἀμίλκαν.
1095 4042 1148 4110 Sic
1175 4067 1201 4110 ι.
1229 4067 1256 4110 c.

80 4158 138 4228 xil
164 4189 172 4228 :
202 4168 250 4230 87
288 4175 365 4229 extr.
400 4163 535 4251 legitur:
572 4161 729 4227 συνθέσθαι
765 4161 837 4243 πρὸς
872 4164 984 4238 αὐτοὺς
1008 4163 1120 4246 φιλίαν
1146 4187 1180 4229 τε
1205 4164 1258 4228 καὶ

75 4285 264 4366 συμμαχίαν
286 4285 351 4349 κτὲ.
376 4282 497 4348 ibidem
521 4283 554 4348 in
578 4282 642 4348 fine
666 4283 822 4372 excerpti:
849 4285 892 4356 είς
911 4287 1052 4364 ποταμὸν
1075 4285 1180 4362 μέγαν
1202 4285 1259 4350 σὺν

76 4407 106 4482 τῷ
126 4403 213 4488 ἵππῳ
241 4404 350 4482 ε’μβίις
375 4403 432 4470 ὑπὸ
455 4409 508 4468 τοῦ
532 4403 683 4486 ῥεύματος
704 4401 851 4487 θιεφθοίρκ
877 4405 950 4472 ὑπὸ
973 4411 1026 4471 τοῦ
1051 4403 1154 4470 ἵππου.
1192 4405 1258 4472 lm-

73 4545 114 4590 που
133 4526 253 4607 μετὰ
277 4530 330 4590 τοῦ
354 4523 466 4603 ίτπου,
491 4538 526 4590 ut
550 4537 635 4591 recte
658 4539 767 4592 monet
792 4525 983 4593 Dindorfius.

108 4647 142 4714 In
179 4649 225 4716 fr.
270 4647 357 4714 xvll
393 4671 435 4713 vs.
474 4651 516 4712 26
548 4647 647 4712 forma
679 4647 770 4713 nihili
801 4647 988 4729 κατίσΦαγε
1020 4647 1195 4736 totingetun
1223 4650 1255 4714 in
