2990 5012
781 425 823 488 44

238 643 329 682 πανα
354 611 415 680 diei
443 611 564 702 potuit,
598 633 663 702 quo
688 613 859 702 Euripides
884 613 951 704 iph.
977 613 1009 681 T.
1030 617 1116 682 teet
1141 619 1265 704 Φοῖβον
1290 647 1366 706 χρυ-

237 738 378 815 σοκόμαν
405 735 419 796 ἐ
429 760 446 798 ν
472 741 632 817 κιθάρᾳ
655 738 783 814 σοφὸν
808 731 987 820 appellavit.

284 843 369 910 tiuao
400 843 478 910 aiiae
511 845 768 932 praepositiones
800 846 953 914 eoniusae
983 856 1056 913 sunt
1089 847 1120 913 in
1147 846 1362 916 Pnnrrrmne

237 960 309 1026 4060
337 979 374 1025 ex
401 961 582 1046 Ἀργυρίου
606 964 790 1047 ἀφανισμοῦ
818 983 868 1050 dp.
896 962 1010 1029 Athen.
1036 983 1065 1049 p.
1093 965 1158 1030 230
1183 963 1216 1028 Α.

283 1073 333 1140 Vs.
359 1075 388 1140 3.
571 1114 609 1124 -
681 1083 856 1161 μαστιγίας
882 1077 911 1144 δ’
937 1079 995 1146 ἐπ’
1019 1084 1159 1163 ἀργυροῦ

510 1197 650 1270 πίνακος
676 1229 715 1242 --
746 1198 918 1271 ἔσθοντας.

285 1305 374 1372 ileud
400 1326 494 1372 secus
519 1307 603 1373 enim
630 1327 725 1394 quum
745 1315 778 1375 ίκ
797 1314 955 1396 ποτηρίου
969 1329 1034 1375 nott
1049 1315 1083 1377 ἐν
1097 1316 1239 1397 ποτηρίῳ
1252 1317 1362 1382 πίνειν

239 1421 396 1488 Graecum
432 1433 495 1497 est,
530 1429 652 1491 ἐσθίειν
681 1429 759 1490 due
784 1429 923 1501 πίνακος
948 1422 1119 1490 dicendum
1146 1435 1283 1493 estnon
1308 1435 1362 1495 ε’πί

239 1543 387 1614 πίνακος.
429 1535 483 1604 Est
504 1536 556 1604 hie
581 1537 712 1626 quidem
732 1537 864 1626 puerilis
889 1549 938 1606 est
956 1559 1063 1618 error,
1089 1539 1145 1627 qui
1171 1551 1275 1608 tamen
1301 1543 1363 1610 lori

239 1651 417 1718 sententiae
442 1673 555 1741 parum
581 1653 696 1731 officit,
723 1654 779 1720 sed
804 1651 933 1740 gravius
957 1665 1132 1742 peecatum,
1153 1663 1203 1722 est
1226 1653 1259 1720 in
1288 1655 1363 1722 Dro-

241 1786 327 1833 nrsn
358 1767 596 1856 Thesmophoro
619 1788 670 1856 ap.
696 1767 809 1861 Athen.
836 1789 867 1857 p.
893 1771 958 1836 404
983 1767 1017 1834 Ε.
1051 1767 1159 1836 Prodit
1182 1767 1215 1836 in
1232 1790 1361 1837 scenam

240 1902 366 1969 roquus
396 1881 512 1972 aliquis
544 1881 652 1971 inepte
690 1882 842 1960 iactator,
877 1881 932 1970 qui
963 1892 1135 1972 postquam
1173 1897 1364 1972 arroganter

239 1984 449 2086 reprehendit
473 1995 628 2063 librorum
647 1996 686 2064 de
703 2015 738 2062 re
756 1994 909 2062 culinaria
928 1993 1123 2084 scriptorum
1142 1996 1313 2065 exilitatem
1332 2011 1363 2066 et

239 2109 463 2192 inutilitatem,
489 2110 542 2179 tali
567 2111 664 2178 modo
687 2120 914 2198 argumentum
941 2131 1013 2178 sum
1038 2111 1260 2201 persequitur:

417 2229 484 2295 οὐδ’
502 2230 590 2296 ἔστιν
615 2235 718 2297 εἰπεῖν
743 2235 814 2313 περί
838 2239 1047 2314 μαγειρικῆς·
1077 2236 1144 2296 ε’πεί

421 2341 486 2410 εἶπ’
503 2349 618 2429 ἀρτίως
711 2381 754 2392 -
846 2381 888 2392 —
979 2382 1023 2393 -
1115 2385 1148 2394 -

417 2463 492 2543 ὃρον
521 2466 582 2545 γὰρ
606 2465 664 2528 οὐκ
689 2464 824 2548 ἔσχηκεν
849 2452 893 2528 οὗ
916 2466 932 2526 o‘
959 2459 1176 2545 καιρὸςΗ

420 2578 501 2657 αὐτὴ
527 2571 555 2642 δ’
573 2581 690 2658 ἑαυτῆς
715 2581 778 2641 εὀτι
803 2576 960 2660 δεσπότης
983 2581 1037 2640 κτὲ

287 2687 399 2756 Poetae
416 2698 556 2755 mentem
572 2708 622 2755 me
640 2699 824 2755 assecutum
842 2707 994 2755 essenon
1012 2687 1126 2757 dubito
1144 2688 1362 2757 coniieiendo:

417 2810 492 2891 ὅρον
518 2813 578 2890 γὰρ
604 2811 660 2874 οὐκ
686 2809 832 2893 ἔσχηκεν,
858 2799 895 2890 ἦς
918 2811 935 2872 ό
959 2813 1117 2892 καιρός,
1145 2809 1215 2872 οὐκ

419 2923 500 3004 αὐτὴ
528 2919 558 2987 δ’
575 2927 702 3006 ἑαυτῆς,
733 2928 798 2988 ε’στι
827 2921 981 3008 δεσπότης
1005 2929 1071 2988 κτὲ.

286 3033 457 3112 Quomodo
478 3035 582 3114 enim,
608 3035 668 3114 ait,
693 3035 825 3102 definiat
849 3033 967 3123 aliquis
986 3043 1089 3101 artem
1113 3031 1218 3122 qualis
1242 3033 1363 3101 eulina·
1468 3037 1469 3058 ¹

240 3147 286 3214 ria
316 3157 383 3227 est,
417 3169 500 3236 quae
533 3169 662 3238 semper
693 3169 809 3238 parens
841 3147 1076 3238 opportunitati
1101 3168 1266 3236 nunquam
1291 3147 1361 3237 ipsa
1468 3141 1469 3212 3

240 3262 300 3328 sibi
324 3263 487 3352 imperati
511 3261 605 3343 Quasi
630 3262 750 3330 Graece
775 3263 880 3331 dieas:
905 3270 971 3342 πῶς
996 3272 1056 3348 γὰρ
1081 3271 1124 3334 ἄν
1150 3268 1294 3349 ὁρίσαιτο
1317 3293 1364 3342 τις
1468 3253 1469 3314 3

239 3381 372 3466 τέχνην,
399 3385 452 3447 οιά
476 3391 646 3466 μαγειρικηΙ
670 3387 770 3454 ἐστιν,
798 3391 867 3465 ἠτις
891 3383 940 3446 αεὶ
967 3391 1012 3466 τῷ
1038 3391 1139 3466 καιρῷ
1162 3385 1365 3466 ὑπηρετοῦσα

239 3491 393 3559 οὐδέποτε
419 3494 500 3576 αειτὴ
526 3499 682 3577 έαοτης’
668 3518 733 3560 εστι
753 3499 858 3578 κυρία.

286 3607 434 3674 Fortasse
465 3605 585 3695 aliquid
620 3605 684 3672 rori
709 3606 843 3695 reperiri
869 3607 947 3673 mihi
971 3605 1107 3692 contigit
1132 3603 1300 3671 meditanti
1323 3605 1364 3670 de

242 3721 442 3809 corrigendis
479 3721 584 3787 verbis
620 3720 894 3809 depravatissimis
918 3719 1098 3788 Droursn
1091 3741 1124 3787 m
1150 3719 1365 3806 Honmmpnis·

241 3859 291 3924 ap.
316 3838 431 3904 Athen
457 3858 487 3926 p.
520 3839 582 3902 381
618 3859 645 3902 o.
678 3836 799 3926 Nempe
829 3857 874 3904 vs.
902 3840 941 3904 15
967 3857 1015 3924 sq
1048 3835 1090 3902 ita
1115 3833 1242 3902 restitui
1266 3853 1363 3923 posse

241 3952 406 4041 suspicor,
432 3963 468 4019 ut
492 3951 670 4020 scribatur:

374 4076 418 4146 είς
442 4075 556 4152 αὔριον
581 4093 613 4134 σε
642 4071 720 4151 κάμε·
748 4071 838 4136 ταίιτ
864 4072 1053 4152 εὐφρανάτω

374 4182 556 4266 λάφυρα·
582 4194 632 4268 τῷ
659 4185 699 4250 δὲ
725 4185 850 4252 παιδί
878 4192 1046 4263 πάντως
1069 4186 1258 4268 μεταδίδου,

373 4307 433 4381 τὴν
458 4299 642 4382 πάροδον’
629 4301 670 4366 ιν’
699 4302 773 4386 ἕχης
797 4308 863 4367 τῶν
885 4308 998 4386 &opem
1023 4301 1248 4385 εὐνουστέραν.

286 4409 331 4477 tte
364 4409 520 4478 industria
552 4430 616 4477 non
642 4410 757 4500 scripsi
783 4413 856 4494 (τὰ)
881 4413 1026 4498 λάφυρα,
1052 4411 1128 4550 qpia
1153 4423 1255 4482 ταῦτα
1282 4413 1362 4480 reie-

244 4523 379 4593 tendum
410 4534 459 4592 esi
483 4525 521 4591 ad
547 4524 792 4614 supetiot'atff
759 4535 773 4595 ε’
796 4557 828 4595 αι
832 4553 932 4617 ιεσεις
963 4534 1016 4596 καί
1047 4525 1085 4596 rr}
1089 4529 1149 4596 tta
1173 4532 1253 4602 τακό
1256 4529 1360 4596 dende
