2944 5002
660 365 701 426 33

474 547 573 615 dllN.
602 549 658 614 lu
682 548 765 617 LlB.
792 550 878 616 Xlll.

153 787 222 856 Nou
245 788 376 880 expedio
399 791 513 882 fragm.
540 791 572 858 ll
598 791 627 880 (l
652 794 669 877 §
697 791 751 880 2),
777 794 838 858 nisi
865 793 1057 860 scribamus:
1083 795 1269 880 συνέδραμον

97 912 137 976 ἐπ’
153 912 324 992 Ἀντίγονον
345 913 396 979 τὸν
418 913 567 994 βασιλέα.
593 911 713 1003 (Ἀλλ’)
735 916 796 998 οὐχ
815 913 907 990 οὕτως
932 916 991 982 ὑπὸ
1013 924 1069 992 τῆς
1082 917 1154 1000 πρὸς
1167 919 1268 996 ἄλλη·

97 1050 154 1108 λινς
178 1034 296 1107 εὐνοίας
316 1033 555 1116 προκληθέντες,
582 1037 621 1106 ὡς
644 1034 703 1101 ὑπὸ
725 1040 780 1101 ποῦ
804 1037 874 1102 καθ’
897 1037 1024 1112 ἑαυτοὺς
1047 1036 1153 1121 φόβου
1176 1063 1268 1106 συνα·
1372 1087 1373 1092 1

23 1183 25 1252 ζ
98 1154 321 1232 ναρκασέένσες,
351 1151 495 1237 ὅρμησαν
517 1155 644 1234 ἑτοίμως
667 1157 742 1239 πρὸς
773 1157 830 1232 aba
849 1163 908 1224 τῶν
930 1155 1007 1224 ὅλον
1029 1161 1267 1240 κοινοπραγίαν,

97 1275 143 1339 nisi
169 1276 249 1342 forte
271 1277 370 1342 maris
394 1299 493 1366 prope
517 1276 615 1341 linem
638 1289 762 1344 mutare
784 1275 928 1360 ὅρμησαν
953 1279 987 1344 in
1011 1279 1160 1362 ὅρμησαι,
1185 1303 1265 1370 quae

23 1377 24 1446 Ῐ
95 1395 234 1463 medicina
270 1398 413 1486 quamtis
449 1396 552 1462 lenior
588 1411 717 1488 propter
755 1419 889 1488 sequens
922 1399 1105 1467 adverbium
1137 1401 1264 1514 ἑτοίμας

23 1517 24 1576 ζ
97 1517 208 1584 lonaree
231 1519 337 1584 minus
361 1541 457 1608 quam
480 1517 578 1583 altera
601 1539 634 1584 sa
657 1519 869 1586 commendat.

133 1635 318 1703 Terminatio
336 1627 397 1716 οῖ,
424 1636 562 1703 indicata
593 1637 632 1702 de
655 1660 742 1704 more
765 1637 882 1714 lineola
904 1640 1031 1704 inonrra
1054 1663 1147 1730 supra
1170 1663 1264 1706 vooa·

96 1753 209 1835 bulum
245 1756 355 1823 turbas
388 1755 475 1823 dedit
508 1779 573 1822 non
607 1757 770 1824 observata
801 1760 834 1822 in
865 1759 905 1825 fr.
940 1759 985 1825 Vl
1017 1760 1062 1848 (ll
1095 1763 1113 1845 §
1149 1761 1182 1841 1)
1208 1760 1264 1827 ubi

95 1875 211 1965 legimus
245 1877 286 1942 ab
319 1879 430 1943 initio:
466 1873 511 1944 ὅτι
541 1877 677 1960 Κέρκυρα
708 1879 941 1960 πολιορκουμένη
973 1880 1077 1946 πλοῒ
1105 1881 1158 1946 καὶ
1182 1881 1263 1964 πεζῦ

94 1995 143 2061 ὑπὸ
178 1997 357 2082 Κασάνδρου
398 2001 461 2064 aaa.
522 1997 588 2064 lam
631 1997 860 2089 Wesselingiur
902 2011 987 2066 reete
1028 1999 1135 2079 dedit,
1177 2001 1263 2091 quod

23 2119 24 2134 ¹
95 2115 180 2184 solum
211 2119 369 2186 Graecum
392 2133 457 2186 est:
485 2119 645 2194 πλοίοις
668 2119 721 2184 καὶ
745 2118 824 2203 πεζῇ
846 2120 911 2186 κπὲ.

130 2238 162 2304 ln
192 2239 231 2306 fr.
264 2240 327 2308 Vll
359 2240 404 2328 (ll
429 2244 456 2326 §
486 2241 521 2328 2)
556 2231 741 2331 pervulgato
777 2263 882 2307 errore
915 2241 1050 2330 legitur:
1085 2245 1130 2320 μη
1152 2244 1261 2322 μόνον

23 2423 24 2436 2
94 2361 289 2442 Καρχηδονίων
323 2361 390 2428 ιιι-ὲ.
424 2384 481 2451 pro
515 2363 561 2442 μη
595 2360 717 2441 μόνων
749 2363 814 2428 κσὲ.
850 2360 904 2428 sod
935 2363 1059 2452 gravior
1082 2365 1261 2455 corruptela

23 2527 25 2534 ,
93 2480 209 2562 bresit,
233 2505 315 2571 quae
337 2482 488 2572 leguntur
506 2483 577 2548 init.
598 2504 666 2548 ero.
690 2482 768 2548 tltl
791 2483 837 2568 (ll
857 2485 876 2567 §
897 2481 943 2570 3).
967 2482 1042 2548 Ὀτι
1064 2485 1261 2563 Ἀγαθοκλῆς

91 2603 111 2665 εἰ
138 2603 191 2681 μέν
220 2603 429 2684 ἀποβιβάσας
457 2606 513 2679 την
543 2602 671 2681 δύναμιν
702 2603 979 2681 ἐπικειμένοις
1007 2613 1070 2675 τοῖς
1101 2607 1259 2684 πολεμίοις

91 2721 217 2799 ἐπέθετο,
243 2725 417 2807 κατέκοψεν
440 2722 479 2791 ἂν
501 2722 608 2809 ῥηιδίως
630 2724 701 2797 σοὺς
724 2721 920 2798 Μακεδόνας.
968 2722 1064 2789 Plana
1087 2724 1260 2792 absurdum

23 2865 25 2940 ss
90 2867 143 2909 asse
172 2845 329 2912 contendo
352 2844 385 2911 h.
411 2845 434 2910 l.
460 2857 543 2934 part.
568 2843 785 2923 ἐπικειμένοις,
810 2857 879 2910 tum
903 2845 1065 2933 quianon
1087 2846 1181 2913 laoile
1205 2849 1260 2936 qui

23 3031 24 3040 ς
90 2961 211 3032 interra
228 2979 318 3045 snut,
339 2965 525 3032 adoritmtnr
535 2966 641 3033 hostes
660 2989 717 3055 per
734 2965 1035 3055 marenarigantes,
1054 2979 1090 3032 ut
1101 2967 1260 3037 faciebant

23 3075 25 3144 ἶ
91 3085 266 3176 Δροὼυσίσι
286 3110 360 3154 eum
380 3089 459 3167 suis,
484 3101 552 3154 tum
577 3089 672 3177 quia,
697 3087 722 3152 si
744 3087 826 3152 forte
852 3085 906 3152 illa
929 3088 1009 3152 ratio
1022 3109 1085 3152 non
1103 3081 1257 3167 sufficiat,

23 3243 25 3270 t
89 3227 117 3271 er
144 3210 219 3300 ipsis
244 3210 465 3300 sequentibus:
501 3210 658 3289 ἀγνοήσας
694 3207 725 3273 δὲ
759 3209 816 3283 σὺν
849 3207 1058 3288 μεμυημένον
1089 3233 1259 3291 τυραννε-

88 3327 149 3393 λέαι
177 3329 231 3397 καὶ
264 3331 320 3406 σὺν
350 3328 550 3408 ἔκπληξιν
579 3335 638 3396 πῶν
660 3329 836 3410 ἀνθρώπων,
860 3327 983 3410 ἠρκέσθη
1015 3331 1080 3395 κπὲ.
1111 3329 1259 3396 discimus

23 3459 25 3480 ¹
89 3447 264 3518 llaoedones
300 3459 437 3516 terrore
469 3451 565 3517 fuisse
592 3450 778 3542 perculsos
802 3459 907 3538 atque
931 3455 1161 3516 exanimatos.
1210 3450 1259 3518 Ne

87 3572 188 3638 nnita.
238 3573 356 3661 Ecquis
383 3572 509 3660 estqui
532 3593 683 3661 reponere
706 3593 834 3637 meeum
858 3567 991 3670 audeat:
1018 3569 1259 3650 ἐπτοημένοις

86 3699 141 3766 σοῖς
169 3695 328 3773 πολεμίοις
361 3691 511 3760 ludlave?
559 3693 694 3759 Proelivi
717 3715 791 3759 sane
814 3713 919 3758 errore
944 3691 1260 3760 enTOHMeNolc

84 3811 109 3875 ln
133 3821 441 3880 euntelMeNotc
465 3812 551 3878 abire
573 3814 695 3903 potuit!

122 3931 244 4024 Operae
271 3935 410 4024 pretium
433 3946 481 3999 est
503 3933 702 4012 observasse,
728 3955 791 4022 quo
814 3931 908 3998 modo
931 3931 1014 3998 idem
1038 3955 1180 4000 errorum
1204 3957 1260 4024 ge·

84 4075 135 4120 nus
157 4056 192 4120 in
214 4053 325 4120 eodem
348 4054 457 4121 codice
479 4067 632 4146 perpetuo
652 4077 814 4122 recurrere
830 4055 939 4121 soleat.
988 4052 1086 4121 Cuius
1106 4057 1152 4120 rei
1169 4077 1259 4144 egre·

83 4177 163 4261 glum
195 4176 374 4266 exemplum
405 4176 669 4242 subministratis
693 4176 809 4256 oodex,
835 4175 921 4242 unde
944 4175 1025 4240 Dar.
1053 4174 1257 4241 Hoesohelius

82 4295 233 4364 ialuoern
260 4299 412 4388 protraxit
432 4298 587 4388 Eologas
611 4297 851 4388 legationum.
901 4297 938 4364 ln
961 4297 1016 4364 illo
1039 4297 1125 4363 enim
1149 4293 1257 4363 oodioe

81 4415 138 4484 lere
173 4441 330 4510 nusquam
361 4419 522 4488 incolume
550 4419 751 4485 librariorum
779 4441 891 4485 manus
914 4419 1011 4485 evasit
1032 4438 1148 4482 nomen
1171 4416 1258 4484 urbis

80 4537 106 4602 in
141 4537 250 4606 Sicilia
279 4539 510 4620 nobilissimae,
544 4563 625 4632 quae
656 4540 749 4606 modo
780 4540 823 4629 (κ.
858 4563 886 4606 o.
919 4539 952 4604 in
980 4539 1019 4602 ir.
1053 4535 1098 4602 tx
1127 4549 1158 4602 et
1182 4537 1254 4625 XV)

80 4661 249 4744 aspamam
279 4662 386 4742 addit,
414 4662 507 4728 modo
533 4662 575 4751 (r.
606 4687 634 4730 o.
664 4663 697 4728 in
725 4662 764 4728 fr.
793 4659 838 4726 llI
860 4681 956 4749 prope
979 4654 1051 4743 lin.)
1080 4656 1254 4738 Evasimus.

1011 4778 1025 4806 r
