2932 5004
766 331 808 394 84

206 518 279 598 πρὸς
320 517 494 600 διαρπαγὴν
535 515 690 598 χρήματα
730 516 1043 595 άναλαβθμενος
1087 525 1142 592 τῆς
1185 519 1390 600 ἐπαγγελίαις

205 637 396 718 ἀπεστέρησε
430 637 499 709 τοὺς
531 635 651 710 δόντας.
701 635 793 732 'Nam
825 659 1036 728 recuperare
1070 651 1116 704 est
1149 641 1391 721 &intersticium

205 783 270 825 non
292 755 595 837 ἀναλαμβάνεσθαι,
619 779 717 845 quare
736 757 972 846 corripendum:
999 759 1042 824 τά
1062 795 1109 810 -·
1126 763 1282 842 χρήματα
1303 765 1391 828 άνα-

204 882 336 960 λαβὼν
359 878 435 946 xri..
471 877 594 942 Ibidem
613 899 712 966 prope
735 878 832 943 finem
856 879 1065 968 reposuerim:
1098 882 1138 952 τίς
1158 883 1203 959 μὴ
1221 879 1392 963 θαυμάζειν

204 999 223 1066 θ
232 1025 311 1074 πιοσ
346 999 643 1078 κατεπολεμήθησαν
671 999 697 1064 οί
720 997 898 1071 Μακεδόνες
919 1035 965 1050 --
987 1000 1062 1065 άλλ’
1085 995 1166 1075 θπιος
1193 1003 1257 1067 κτὲ.
1306 1003 1391 1069 Mate

205 1122 326 1190 editur:
353 1121 432 1192 πῶς
456 1118 753 1197 κατεπολεμήθησαν
777 1120 842 1186 ari.

249 1243 322 1310 Nou
352 1242 418 1306 sine
451 1240 557 1328 aliqua
586 1238 808 1329 probabilitate
835 1241 880 1306 sio
910 1241 1049 1331 suppleri
1079 1241 1196 1330 poterit
1217 1243 1332 1309 Iaouua
1355 1245 1391 1308 in

204 1365 244 1430 fr.
265 1363 355 1429 XXX
376 1360 519 1450 (XXII):
543 1361 576 1426 οὔ
591 1363 652 1439 μὴν
672 1361 760 1426 άλλιὶ
777 1358 884 1426 τούτου
902 1361 1121 1448 εὑρεθθὲντοσ
1144 1363 1208 1428 καί
1231 1363 1394 1451 άνασα)·

205 1488 302 1557 θέντος
338 1484 382 1556 είς
416 1484 470 1557 τὴν
502 1481 721 1562 παρεμβολθνς
756 1481 882 1548 nullum
912 1482 997 1548 euim
1028 1484 1101 1549 nori
1131 1483 1263 1550 verbum
1295 1485 1394 1551 Grae-

206 1630 299 1686 cum,
332 1602 417 1693 quod
440 1615 505 1668 tam
528 1601 654 1691 proprie
676 1600 752 1666 buio
774 1601 844 1668 loeo
869 1601 1035 1670 conveniat
1059 1625 1155 1693 quam
1178 1607 1392 1683 οίνασαθιῑναι,

203 1731 226 1794 i.
263 1751 292 1793 e.
330 1726 464 1790 salvum
499 1721 630 1787 redire.
679 1721 786 1788 Livius
816 1722 950 1789 eandem
974 1745 1040 1789 rem
1063 1747 1100 1790 er
1123 1723 1234 1791 eodem
1258 1725 1393 1815 Polybio

203 1849 299 1916 refert
339 1845 396 1913 lib.
442 1843 563 1924 XLIV,
604 1847 660 1908 44.
722 1844 809 1929 Quae
849 1844 1004 1934 imprimis
1037 1845 1101 1910 buo
1134 1846 1274 1928 faciunt,
1311 1847 1395 1914 baec

205 1983 295 2036 sunt:
329 1976 364 2032 et
394 1969 511 2031 aerius
542 1987 616 2030 oum
639 1963 810 2031 rediisset
834 1975 916 2032 tune
939 1966 1071 2032 demum
1095 1977 1233 2060 recepto
1256 1973 1393 2059 sospite

204 2093 281 2166 filio
320 2089 491 2152 victoriae
530 2093 653 2150 tantae
684 2083 853 2174 gaudium
888 2089 1009 2152 υονοεοιθ
1041 2093 1165 2155 sensit.
1225 2088 1395 2154 Vulnerari

205 2221 315 2278 eontra
346 2208 402 2296 qui
432 2204 565 2270 redeunt
588 2227 624 2268 er
647 2226 775 2294 pugna,
799 2205 875 2293 quia
894 2203 1029 2296 pedibus
1051 2210 1115 2274 ianr
1138 2211 1186 2275 uti
1207 2221 1393 2299 nequeunt,

205 2332 356 2398 dicuutur
385 2325 624 2408 άνακομίζεσθαι
656 2325 698 2391 of.
727 2349 758 2392 ν.
792 2349 821 2392 e.
851 2326 907 2394 lib.
943 2327 1036 2396 XXII
1064 2330 1104 2397 fr.
1130 2329 1246 2398 ,mv
1274 2353 1320 2397 ra.
1348 2335 1392 2397 21

207 2455 252 2544 (p.
278 2449 347 2538 rt).
395 2447 441 2512 Τὸ
465 2447 689 2526 ίμοιοτέλευσον
712 2448 735 2515 l.
761 2471 793 2515 rr.
820 2460 854 2514 ut
878 2473 969 2540 saepe
993 2449 1069 2516 alibi
1091 2451 1195 2516 fraudi
1213 2452 1274 2518 fuit
1293 2451 1394 2517 libra-
1460 2441 1461 2444 ¹

205 2575 263 2640 rio.
312 2571 350 2637 In
379 2569 490 2636 eodem
520 2580 666 2659 excerpto
689 2567 836 2634 rooabuli
859 2583 998 2636 monstro
1023 2573 1180 2653 ἔραμανῆ,
1205 2571 1290 2662 quod
1313 2597 1395 2662 pee-

203 2710 255 2766 oat
282 2705 392 2760 eontra
415 2691 611 2780 analogiam,
637 2691 806 2756 substituas
830 2691 963 2758 formam
987 2693 1156 2781 genuinam
1180 2696 1367 2774 ε’ρυτομανῆ.
1459 2779 1460 2785 ¹

250 2817 304 2884 rr.
339 2811 446 2879 XXXI
481 2809 617 2898 (XXIII)
648 2833 692 2877 rs.
719 2814 739 2875 9
763 2810 810 2876 bis
833 2809 976 2878 deleatur
997 2814 1185 2904 praepositio
1207 2815 1238 2878 ἕν
1261 2815 1294 2880 iu
1319 2837 1396 2882 rer-

204 2937 271 3002 bis:
304 2933 346 3016 τῷ
369 2933 439 3002 τοὺς
462 2931 519 3009 μὲν
542 2931 603 3016 [ἐν]
627 2939 696 3005 ταῖς
720 2931 810 3005 tatae
833 2933 984 3015 άτυχίαος
1004 2934 1074 3007 τοὺς
1096 2934 1127 3000 δὲ
1153 2933 1213 3022 [ἐν]
1236 2943 1306 3007 ταῖς
1330 2939 1395 3002 τῶν

205 3055 310 3124 άλλυν
334 3051 540 3120 διδάσκεσθαι.

250 3175 392 3242 Tandem
421 3175 454 3239 in
485 3172 654 3263 penultimi
684 3173 822 3263 excerpti
853 3173 943 3238 initio
974 3175 1192 3264 reponendum
1222 3199 1307 3243 esse:
1334 3181 1394 3246 καί

202 3297 276 3382 πρὸς
311 3297 353 3362 τά
387 3295 552 3362 σύνδειπνα
586 3293 906 3376 παραλαμβάνων
938 3295 990 3361 καί
1021 3331 1067 3346 -
1097 3297 1299 3377 μεταδιδούς,
1333 3299 1395 3366 ubi

202 3443 369 3513 perparum
392 3416 769 3508 οάίλυτπαραλαβάν,
794 3416 856 3482 iam
880 3439 974 3507 supra
997 3418 1189 3484 monuimus.

561 3655 660 3724 ΑΒΝ.
688 3657 745 3724 ID
769 3655 880 3723 LIBR.
909 3657 1027 3725 XXXI.

247 3901 384 3968 Laborat
406 3900 573 3966 verborum
597 3900 781 3990 compositio
803 3901 836 3964 in
859 3899 898 3964 fr.
922 3901 936 3966 I
965 3899 1067 3968 initio.
1116 3899 1273 3971 Soribitur
1300 3907 1394 3974 euim

202 4023 266 4090 sio:
300 4017 345 4086 θτι
377 4023 392 4086 t
422 4020 582 4102 Ἀντίοχος
614 4023 668 4096 τὴν
700 4021 799 4103 άρχίρν
822 4020 1022 4099 ἐσεμνύνετο,
1055 4019 1156 4101 λίνεον
1179 4026 1212 4089 οὐ
1235 4033 1291 4101 τῆς
1313 4032 1394 4091 κατ’

199 4143 362 4223 Λίνυπτον
392 4142 560 4220 βασιλείας
592 4141 698 4208 ἑαυτὸν
729 4142 937 4221 ἐπιθυμοῦντα
966 4143 1213 4224 παρεσκευάσθαι
1236 4145 1394 4224 μεγάλας

199 4263 345 4344 δυνάμεις
372 4262 415 4336 είς
442 4261 494 4328 τθν
518 4261 670 4339 πόλεμον,
700 4260 789 4326 άλλίι
812 4262 1042 4340 βούλεσθαι
1065 4265 1107 4345 τῷ
1131 4301 1178 4316 -·-
1199 4269 1393 4354 Πτολεμαίῳ

202 4381 501 4463 συγκατασκευάσαι
544 4385 598 4456 τίον
642 4381 788 4466 πατρῴαν
828 4383 939 4466 οίρχιίν.
997 4385 1121 4470 Quanto
1165 4409 1236 4454 rero
1273 4390 1393 4458 melius

203 4505 390 4573 scriberetur
412 4501 618 4585 βουλθμενονί
