2944 5002
761 315 803 377 38

233 503 315 582 Sed,
336 507 518 594 priusquam
542 521 727 590 pergarnus,
753 499 816 566 dno
840 501 913 565 sitin
935 500 1099 566 eximenda
1119 515 1192 566 sunt
1213 525 1377 593 epreeee·
1458 490 1459 562 i

187 624 353 704 dentibus,
379 647 515 715 qnorum
535 623 670 688 alterum
692 622 840 711 inquinat
859 620 912 709 (fr.
935 621 995 710 lx)
1016 621 1111 688 verbu
1132 623 1379 705 Μελέαγρος-

192 745 291 832 [πρὸς]
320 745 431 824 ὀλίγας
456 742 570 826 ἡμέρας
599 741 827 819 δυναστεύσας,
852 741 905 806 ubi
930 745 1065 832 expunxi
1088 746 1375 834 praepositionem,
1459 824 1460 850 ¹

188 887 270 954 quae
303 863 343 928 ob
374 877 481 928 notem
513 883 641 930 oausam
663 860 764 927 multo
789 863 912 951 saepius
935 863 1029 952 periit
1052 885 1148 953 qutun
1171 864 1216 929 ibi
1239 865 1378 955 legitur,

189 986 244 1051 ubi
274 985 379 1050 locum
410 985 492 1050 tueri
524 1005 588 1047 non
620 995 726 1071 quent.
777 981 895 1049 Eadem
931 996 1016 1050 recte
1050 985 1207 1052 omittitur
1241 986 1274 1050 in
1303 1009 1378 1074 sqq.

189 1104 301 1194 Neque
331 1106 444 1195 opinor
474 1103 590 1168 multos
621 1115 780 1192 repertum
812 1104 870 1182 iri,
902 1104 957 1192 qui
986 1103 1157 1172 defendent
1180 1107 1214 1172 in
1236 1119 1381 1172 extremo
1460 1158 1461 1192 r

188 1239 334 1316 excerpto
366 1225 446 1291 heec
482 1223 595 1290 verbs:
632 1222 912 1306 contrementem
943 1233 1071 1298 πολλοῖς
1105 1235 1190 1298 τοῖς
1214 1227 1299 1294 κατὰ
1321 1229 1381 1301 την
1460 1195 1461 1218 i

138 1351 141 1358 '
189 1347 336 1412 Σικελίαν
359 1343 512 1426 τνριίννοις
535 1367 592 1433 pro
616 1351 742 1417 πολλοῖς
764 1345 837 1409 τῶν
861 1346 926 1410 κτὲ.

235 1466 318 1534 Male
348 1463 491 1556 precedit
522 1465 676 1531 sententis
706 1465 777 1532 init.
808 1464 848 1530 fr.
880 1465 954 1530 xlv
989 1465 1048 1552 (vl
1085 1467 1102 1552 §
1130 1469 1181 1554 3).
1221 1465 1384 1534 scribitur
1461 1490 1462 1506 ¹

190 1589 275 1654 enirn
299 1589 363 1654 sio:
390 1583 436 1652 ὅτι
459 1584 569 1658 Κινέας
593 1585 786 1666 πρεσβευτὴς
811 1586 1003 1660 ἀποσταλείς
1028 1621 1071 1636 —-
1094 1590 1167 1668 πρὸς
1191 1589 1384 1670 Ῥαμαίους,
1461 1567 1462 1576 ¹

189 1705 304 1780 orirer
328 1708 484 1779 πειστικὸς
507 1708 553 1772 ὢν
575 1706 606 1770 ἐν
629 1707 671 1787 τῷ
694 1705 876 1788 πρεσβεύειν
899 1707 952 1772 καί
976 1706 1054 1788 δοῦρα
1076 1743 1122 1758 -
1140 1707 1245 1774 ἐδιῦου.
1289 1709 1383 1795 Quae

190 1829 284 1896 rerba
315 1828 516 1918 interpretari
545 1849 608 1892 non
639 1849 784 1916 possum,
817 1827 877 1892 nisi
901 1825 1004 1894 deleto
1027 1830 1215 1917 pronomine
1237 1825 1321 1904 οὗτος
1349 1843 1384 1896 et

190 1963 313 2016 mutato
336 1949 503 2040 participio
526 1948 565 2014 ὧν
589 1949 621 2012 in
646 1945 689 2022 ἦν.

195 2101 198 2108 ·
237 2072 274 2137 ln
309 2072 348 2137 fr.
382 2070 439 2136 XV
469 2093 514 2134 vs.
549 2073 590 2134 25
624 2089 681 2158 pro
712 2082 860 2158 corrupto
891 2071 1019 2136 nomine
1047 2070 1133 2136 urbis
1164 2071 1382 2154 Τανρσμονίας
1463 2158 1464 2162 ¹

191 2189 408 2283 reponendum
432 2190 566 2256 arbitror
589 2191 795 2272 Ταυρομενίου
819 2203 914 2280 etque
937 2190 1048 2257 eedem
1071 2215 1165 2282 opera
1188 2177 1272 2258 idem
1292 2215 1386 2259 error
1463 2163 1464 2188 ³

193 2311 391 2402 castigandus
422 2313 454 2376 in
485 2311 524 2376 fr.
560 2309 710 2407 XVltvs.
747 2314 788 2377 16
825 2325 856 2377 et
891 2312 992 2378 sicubi
1014 2325 1176 2402 praeterea
1200 2315 1387 2381 invenietur

192 2434 304 2501 eodem
334 2432 427 2498 modo
461 2445 658 2522 corruptum.
697 2433 773 2518 Quis
804 2433 888 2499 enirn
922 2455 949 2497 r.
981 2453 1010 2498 o.
1039 2433 1154 2500 ferret:
1181 2435 1384 2513 Ἀγαθοκλῆς
1464 2495 1465 2532 p

192 2556 283 2632 ὁτῆς
308 2551 564 2635 Συρακοσίας
592 2553 731 2633 τύραννος
756 2576 781 2620 s.
808 2551 959 2628 δυνιίστης
983 2575 1041 2644 pro
1063 2553 1077 2618 ί
1097 2559 1156 2620 τῶν
1181 2563 1385 2636 Συρακουσῶν

192 2677 283 2742 urb?
342 2673 472 2742 Salvum
511 2673 596 2739 idem
631 2697 746 2740 nomen
780 2675 878 2740 erasit
912 2675 945 2738 in
980 2675 1046 2763 ipse
1081 2675 1194 2740 ricinis
1229 2698 1274 2741 rs.
1314 2681 1379 2744 14:

192 2803 322 2878 κατῆρεν
349 2797 392 2867 είς
422 2798 477 2870 την
506 2794 764 2876 Ταυρομένιον.
813 2793 876 2862 Sed
908 2795 1072 2861 redeamus
1097 2794 1136 2860 ed
1159 2796 1198 2862 fr.
1226 2795 1298 2876 XV,
1324 2801 1386 2868 ubi

193 2939 237 2980 vs.
264 2919 306 2980 32
331 2913 559 3004 supplererim:
589 2915 642 2980 καί
663 2913 815 2994 διέμειναν
834 2913 1051 2999 φυλάττοντες
1073 2916 1125 2982 τὸν
1145 2917 1276 2999 πορθμὸν
1297 2917 1384 3008 (καὶ)

116 3101 121 3110 ,
192 3040 436 3117 παρατηροῦντες
460 3035 514 3109 την
538 3034 685 3115 διάβασιν
708 3035 833 3116 Πύρρου.
878 3034 1046 3102 Contrario
1069 3059 1173 3103 errore
1197 3037 1386 3105 coniunctio

175 3157 244 3222 ’καὶ
267 3155 349 3222 mele
368 3154 481 3245 pedem
498 3155 605 3221 intulit
625 3157 659 3222 in
679 3155 720 3220 fr.
742 3155 817 3221 XVI
837 3179 882 3224 rs.
908 3159 968 3222 14:
991 3157 1108 3231 ταύτης
1130 3157 1161 3222 δὲ
1180 3157 1387 3239 πορευομένης

191 3279 235 3352 εἷς
263 3277 462 3358 Συρακούσας
488 3275 616 3366 (legitur
639 3276 835 3364 Συρακίσας)
865 3276 945 3364 [καὶ]
973 3278 988 3342 ὁ
1011 3277 1120 3351 στόλος
1144 3279 1384 3360 συμπαρέπλει.

192 3399 358 3466 Praeterea
390 3399 423 3462 iu
454 3397 492 3462 [r.
528 3396 586 3462 XV
618 3398 727 3462 uitiosa
759 3410 832 3462 sunt
856 3421 937 3486 quse
960 3397 1093 3487 legimus
1117 3420 1181 3462 non
1204 3399 1316 3487 procul
1342 3401 1390 3466 sb

190 3521 291 3587 initio.
341 3517 481 3584 Phintias
512 3517 557 3582 ibi
586 3530 733 3583 narratur
764 3517 881 3585 ridesse
916 3519 1074 3584 somnium
1109 3518 1216 3593 δηλοῦν
1246 3519 1303 3594 την
1326 3527 1392 3588 τοῦ

190 3640 260 3717 βίον
283 3639 521 3722 καταστροφήν,
545 3635 578 3704 ὗν
600 3637 707 3721 ἄγριον
731 3643 930 3718 κυνηγοῦντας
954 3638 1085 3719 ὁρμῆσαι
1109 3640 1183 3704 κατ’
1208 3642 1304 3706 αὐτοῦ
1326 3643 1393 3717 την

191 3755 225 3824 ὗν
249 3759 301 3825 καί
324 3759 379 3833 την
404 3762 540 3842 πλευρὰν
563 3762 743 3833 αὐτοῦτοῖς
767 3761 864 3826 ὀδοῦσι
889 3757 1032 3835 πατιίξαι
1057 3757 1109 3823 καί
1133 3759 1393 3830 διολοίσαντα

190 3881 259 3954 τὴν
281 3895 395 3958 πλην
408 3883 449 3955 ην
472 3889 599 3947 κτεῖναι.
646 3881 681 3948 Si
704 3893 789 3947 reete
813 3881 920 3944 locnrn
944 3855 1106 3968 intelligo,
1132 3879 1209 3945 olim
1227 3881 1393 3972 seriptum

189 4001 285 4066 fuerit
318 4023 443 4066 neeesse
477 4013 542 4067 est:
578 3999 631 4066 καὶ
667 3998 928 4066 διελιίσασαν
959 4000 1028 4074 την
1063 4001 1227 4079 πληγὴν
1261 4011 1387 4072 κτεῖναι

190 4118 323 4210 (αὐτόν).
370 4120 453 4187 Nam
476 4134 511 4186 ut
534 4119 628 4187 hodie
651 4120 797 4186 scribitur
822 4121 1172 4212 nullomodointelligo
1185 4171 1193 4201 ‚
1220 4125 1277 4212 qui
1298 4123 1395 4191 eius-

190 4241 276 4308 ruodi
292 4241 413 4306 somnio
425 4241 497 4306 finis
511 4243 591 4308 ritae
604 4241 845 4331 portenderetur
858 4240 1015 4306 Phintiee.
1044 4239 1155 4326 Quoad
1169 4241 1396 4314 Graecitatem

192 4365 231 4428 ef.
256 4362 349 4430 Diod.
376 4361 468 4428 xvll
491 4388 498 4428 :
523 4367 585 4430 20:
609 4363 1086 4442 ὂδὲβασιλεὺς-διιίλασε
1110 4363 1181 4437 την
1204 4367 1397 4442 πληγήν.

191 4481 262 4548 Non
294 4485 397 4548 rninus
431 4485 544 4550 misere
575 4481 719 4547 habitum
750 4496 797 4548 est
828 4483 866 4548 ir.
901 4483 982 4548 XII:
1021 4480 1066 4548 dri
1096 4483 1282 4564 ἢΚαδμεία
1315 4485 1393 4563 νίκη

193 4602 342 4681 παροιμία
372 4605 465 4676 ἐστίν,
499 4605 563 4672 ἔστι
596 4603 626 4666 δὲ
658 4599 741 4668 οὕτω
772 4603 807 4668 τὸ
833 4603 903 4676 τοὺς
935 4604 1120 4680 νικήσαντας
1155 4606 1217 4671 κτὲ.
1267 4605 1390 4676 Foru:
