2932 5004
689 331 730 393 8⁷

102 515 160 580 ὑπὸ
191 520 246 582 τοῦ
281 516 378 594 δύμον
412 512 628 598 σφάττεσθαι,
662 511 747 582 εἶπεν
779 515 892 586 ἐθέλειν
926 517 1055 602 θθσπερ
1089 521 1123 586 τὸ
1151 505 1290 586 κύκνειον

102 635 181 718 ᾄσας
217 638 391 704 ἀποθανεῖν·
426 638 649 718 ἐπιτρέψαντος
685 637 711 703 θ’
736 639 864 718 ἐκεῖνον,
896 639 1050 723 ἔσκωψεν;
1083 663 1164 731 quae
1195 641 1290 706 rerba

102 755 270 846 adscripsi,
303 769 339 822 ut
360 757 456 822 simul
478 756 695 840 emendarem
722 781 797 826 nam
820 756 938 842 ὥσπερ,
963 783 1027 851 quo
1050 761 1204 828 rooahulo
1227 761 1290 828 ioci

101 879 253 944 sententia
279 891 312 944 et
332 877 501 944 rethorum
525 879 710 968 compositio
732 881 879 959 vitiatur,
904 903 969 947 uou
991 883 1090 972 magis
1114 883 1289 972 genuinum

102 1021 165 1065 csse
195 1021 269 1066 reor
300 1021 396 1089 quam
427 999 497 1066 loco
521 1013 628 1066 nostro
650 999 763 1080 μύλος,
787 1001 842 1068 sod
865 1001 1056 1094 adscriptum
1083 1026 1149 1070 csse
1172 1004 1247 1069 olim
1273 1027 1290 1068 a

103 1119 215 1198 sciolo,
248 1141 313 1209 quo
335 1120 506 1200 iudicaret,
533 1120 620 1210 quod
641 1097 735 1187 demo
759 1143 824 1187 nou
849 1121 933 1212 ultro
960 1123 1129 1212 intelligit,
1154 1123 1290 1214 figurato

104 1263 192 1306 seusu
209 1239 365 1307 vocabula
384 1243 419 1308 τὸ
440 1241 574 1309 κύκνειον
597 1241 680 1327 ᾅσας
701 1243 885 1333 accipienda
905 1267 983 1310 esse.
1010 1241 1163 1310 Similiter
1174 1243 1291 1310 dicitur

104 1364 137 1428 σθ
156 1361 293 1428 κύκνειον
315 1359 440 1445 ἐξηχεῖν
465 1361 733 1452 quemadmodum
752 1363 832 1430 iliud
850 1365 917 1432 sinc
929 1365 1135 1432 substantivo.
1163 1365 1291 1430 Rectius

103 1493 209 1546 conus
240 1483 275 1548 iu
305 1482 346 1548 ir.
380 1483 425 1549 v1
455 1496 487 1550 ot
516 1484 577 1550 vll
599 1485 734 1574 legitur:
760 1490 814 1552 τοῦ
838 1485 940 1568 φθβου
965 1486 1169 1568 παρείθησαν,
1194 1508 1290 1575 quam

103 1603 134 1666 iu
167 1602 206 1668 ir.
244 1603 274 1664 V
304 1603 539 1684 παρελύθησαν,
572 1604 656 1694 quod
680 1605 764 1672 iuius
788 1606 941 1696 glossema
964 1630 1031 1674 esse
1054 1606 1188 1672 ridetur.
1238 1605 1287 1672 Ib.
1402 1637 1406 1646 ·

104 1745 207 1790 rursus
232 1747 270 1792 cr
292 1725 331 1791 fr.
359 1725 421 1792 Vll
444 1725 676 1816 supplendum:
703 1727 770 1809 περὶ
794 1725 825 1792 δὲ
848 1735 907 1794 τῶν
933 1727 1029 1816 (κατά
1053 1725 1155 1815 μέρος)
1175 1727 1290 1804 θγκλη·

105 1844 211 1924 μάτων
233 1848 317 1923 κτὲ.;
342 1847 376 1912 ui
398 1848 527 1928 iccoris,
552 1847 745 1938 ineptissime
765 1848 906 1937 opposita
930 1860 1024 1912 eruut
1048 1846 1164 1912 rerba:
1192 1845 1228 1912 δι’
1252 1842 1291 1911 ὧν

106 1971 158 2032 τοῦ
179 1967 237 2046 μὲν
261 1968 509 2050 ὁλοσχεροῦς
532 1968 635 2050 ψθβου
658 1968 856 2051 παρεθθησαν.

148 2087 199 2154 Fr.
228 2087 290 2154 Vll
313 2111 358 2154 rs.
386 2093 448 2156 25:
475 2090 633 2155 ἐποιεῖτο
654 2089 723 2160 τοὺς
747 2089 868 2168 λύγους.
907 2088 1004 2154 Recte
1024 2088 1087 2152 iam
1107 2085 1289 2152 Dindoriius

110 2206 169 2294 (cd.
193 2209 281 2298 lips.
311 2210 411 2298 1826)
437 2208 524 2276 dedit
547 2211 731 2275 ἐποιοῦντο.

149 2329 201 2395 dr.
238 2328 285 2396 lx
320 2329 408 2420 iege:
445 2326 514 2406 ἧκον
546 2332 589 2404 εῖτ
613 2331 730 2409 Ῥθμην
754 2329 901 2396 πάντοθεν
929 2327 981 2418 [οἱ]
1007 2329 1198 2410 πρεσβευταὶ
1222 2331 1288 2396 κτὲ.

107 2449 206 2516 deleto
236 2451 383 2518 arduum.

150 2571 201 2636 rr.
240 2571 305 2637 xl:
356 2571 518 2638 Laudatur
551 2571 584 2636 iu
619 2571 681 2638 hoo
717 2583 862 2661 excerpto
899 2570 1114 2636 Romanorum
1137 2593 1211 2658 erga
1234 2569 1290 2636 dc-

108 2693 200 2758 rictos
234 2693 430 2758 clementia.
476 2693 578 2778 Quom
613 2691 814 2758 clementium
849 2689 899 2756 rel
930 2689 1118 2774 Macedones
1149 2691 1291 2778 quamvis

108 2813 208 2878 πολλά
243 2812 296 2878 καὶ
332 2809 466 2893 μεγάλα
498 2813 793 2894 παρανενομηκότας
826 2811 869 2884 εἰς
893 2807 1059 2889 Ῥωμαθους
1083 2811 1127 2875 cit
1149 2823 1291 2900 expertos

109 2956 179 3000 esse.
221 2932 442 3015 Τετυχηκθτεο
469 2933 533 3015 γάρ
566 2933 621 3022 (ita
644 2932 758 3022 pergit)
783 2932 834 2998 θπῖ
859 2939 922 3006 τοῖς
946 2931 1085 3012 πρθτερον
1110 2933 1289 3012 άγνιημασι

108 3055 308 3132 συγγνώμης,
341 3053 464 3127 εῖκθτως
500 3053 539 3120 θον
573 3061 636 3128 τοῖς
671 3049 794 3134 ὕστερον
819 3053 1043 3134 άμαρτύμοισιν
1067 3053 1292 3132 ὑπελάμβανον

107 3175 220 3246 ἑαυτοῖς
242 3175 361 3254 μηθένα
379 3175 472 3254 λύγον
493 3175 605 3242 δίκαιον
628 3177 671 3248 εἰς
685 3173 767 3240 ἔλεον
780 3175 833 3242 καὶ
854 3175 1039 3256 παραίτησιν
1058 3176 1288 3256 ἀπολελεῖφθαι

108 3297 139 3360 ού
167 3297 227 3374 μὴν
256 3298 274 3371 οἱ
304 3295 481 3374 σύγκλητθς
514 3294 573 3384 (γ’)
605 3298 622 3372 ἦ
650 3301 708 3362 τῶν
738 3295 894 3375 Ῥωμαίων
915 3293 1175 3372 ἐμνησικάκησεν,
1199 3293 1288 3359 άλλά

108 3415 344 3497 μεγαλοψύχως
373 3417 426 3482 καὶ
458 3415 738 3500 προσηκόντως
769 3415 909 3487 ἑκάστοις
939 3415 1137 3497 προσηνέχθη.
1188 3415 1290 3498 Quum

110 3537 215 3604 misere
250 3536 380 3624 languet
403 3535 486 3601 istud
510 3535 716 3616 προσηκθντως
741 3549 811 3626 post
834 3535 1092 3617 μεγαλοψύχως,
1118 3547 1149 3599 ct
1172 3546 1292 3623 quanto

109 3657 216 3724 melius
235 3657 436 3724 scriberetur:
454 3657 694 3739 μεγαλοψύχως
712 3657 765 3724 καὶ
790 3661 994 3738 προσηνῶς
1018 3653 1158 3728 ἑκάστοις
1182 3679 1290 3737 προση·

109 3777 207 3860 ιθχθη.
252 3777 300 3844 cf.
325 3801 358 3868 p.
384 3782 428 3844 89
451 3801 496 3844 rs.
523 3780 578 3844 21.
627 3777 675 3845 lb.
699 3799 733 3866 p.
759 3779 802 3843 89
826 3800 872 3842 rs.
905 3774 1150 3842 lscribeudum
1173 3777 1291 3842 inserto

109 3899 255 3966 nucula:
281 3897 359 3965 ύστε
383 3901 459 3978 μηδὲ
484 3898 564 3987 (τὴν)
592 3899 678 3980 παρά
701 3904 761 3964 τῶν
785 3895 974 3964 ἐπταικθτων
993 3895 1093 3972 δέησιν
1112 3900 1290 3978 άναμεῖναι.

111 4017 228 4088 lufiue
251 4023 391 4112 excerpti
413 4022 483 4111 lege
506 4019 596 4100 μέγα
622 4020 692 4110 (pro
715 4017 864 4106 μεγάλα)
886 4023 1016 4100 Φρονεῖν.

112 4115 239 4208 'um
269 4141 384 4208 ranae
416 4153 514 4208 scatet
534 4141 575 4206 rr.
603 4139 681 4208 r111
707 4138 848 4229 (r111§
874 4137 929 4228 ε),
955 4161 1037 4230 quae
1060 4142 1170 4230 paucis
1193 4140 1291 4228 signi-

111 4259 285 4342 ficabimus,
317 4262 475 4352 quomodo
499 4259 683 4352 corrigenda
708 4260 883 4328 rideantur.
918 4259 972 4326 Vs.
1002 4265 1066 4327 10:
1093 4260 1195 4326 άδικον
1217 4257 1290 4339 πρθς

112 4385 282 4462 ’ῖίιμαιόυςΙ
303 4382 577 4463 θξαγαγθντα
608 4383 695 4465 παρά
725 4382 785 4456 τάς
817 4383 968 4460 συνθήκας
997 4381 1143 4462 πθλεμον.
1192 4379 1290 4446 Grue-

111 4523 179 4568 cum
209 4517 255 4572 cst
287 4503 565 4584 ἐξενεγκόντα
599 4505 662 4570 κτὲ.
712 4503 760 4574 Gi.
788 4504 826 4570 ir.
852 4502 898 4570 xl
921 4526 966 4571 rs.
989 4507 1050 4570 34:
1077 4499 1180 4576 ἐπειδὴ
1206 4501 1293 4584 παρά
