<?xml version="1.0" encoding="UTF-8"?>
<!DOCTYPE html PUBLIC "-//W3C//DTD XHTML 1.0 Transitional//EN"
    "http://www.w3.org/TR/xhtml1/DTD/xhtml1-transitional.dtd">
<html xmlns="http://www.w3.org/1999/xhtml" xml:lang="en" lang="en">
 <head>
  <title>
</title>
<meta http-equiv="Content-Type" content="text/html;charset=utf-8" />
  <meta name='ocr-system' content='tesseract 3.04.00' />
  <meta name='ocr-capabilities' content='ocr_page ocr_carea ocr_par ocr_line ocrx_word'/>
</head>
<body>
  <div class='ocr_page' id='page_1' title='image "./exercitationesc02herwgoog/exercitationesc02herwgoog_0089.png"; bbox 0 0 2944 5002; ppageno 0'>
   <div class='ocr_carea' id='block_1_1' title="bbox 770 323 812 386">
    <p class='ocr_par' dir='ltr' id='par_1_1' title="bbox 770 323 812 386">
     <span class='ocr_line' id='line_1_1' title="bbox 770 323 812 386; baseline -0.048 0"><span class='ocrx_word' id='word_1_1' title='bbox 770 323 812 386; x_wconf 92' lang='grc'><strong>60</strong></span> 
     </span>
    </p>
   </div>
   <div class='ocr_carea' id='block_1_2' title="bbox 204 504 1469 2409">
    <p class='ocr_par' dir='ltr' id='par_1_2' title="bbox 205 504 1394 830">
     <span class='ocr_line' id='line_1_2' title="bbox 207 504 1394 594; baseline 0.008 -25"><span class='ocrx_word' id='word_1_2' title='bbox 207 505 260 570; x_wconf 78' lang='lat' dir='ltr'><strong>Vs.</strong></span> <span class='ocrx_word' id='word_1_3' title='bbox 301 509 341 570; x_wconf 83' lang='lat'><strong>14</strong></span> <span class='ocrx_word' id='word_1_4' title='bbox 377 507 579 573; x_wconf 89' lang='lat' dir='ltr'><strong>scribendum</strong></span> <span class='ocrx_word' id='word_1_5' title='bbox 609 504 751 572; x_wconf 82' lang='lat' dir='ltr'><strong>ridetur:</strong></span> <span class='ocrx_word' id='word_1_6' title='bbox 786 509 854 573; x_wconf 81' lang='grc' dir='ltr'><em>καθ’</em></span> <span class='ocrx_word' id='word_1_7' title='bbox 887 505 917 573; x_wconf 78' lang='grc' dir='ltr'><strong>ὃν</strong></span> <span class='ocrx_word' id='word_1_8' title='bbox 948 511 987 576; x_wconf 77' lang='grc' dir='ltr'><strong>δὲ</strong></span> <span class='ocrx_word' id='word_1_9' title='bbox 1018 511 1118 592; x_wconf 82' lang='grc' dir='ltr'><em>καιρὸν</em></span> <span class='ocrx_word' id='word_1_10' title='bbox 1143 511 1254 594; x_wconf 83' lang='grc' dir='ltr'><em>Πύρρος</em></span> <span class='ocrx_word' id='word_1_11' title='bbox 1279 515 1312 578; x_wconf 83' lang='grc' dir='ltr'><strong>ἐκ</strong></span> <span class='ocrx_word' id='word_1_12' title='bbox 1335 522 1394 590; x_wconf 74' lang='grc' dir='ltr'><strong>πῆς</strong></span> 
     </span>
     <span class='ocr_line' id='line_1_3' title="bbox 205 626 1394 724; baseline 0.008 -34"><span class='ocrx_word' id='word_1_13' title='bbox 205 627 353 701; x_wconf 76' lang='grc' dir='ltr'><em>Σικελίας</em></span> <span class='ocrx_word' id='word_1_14' title='bbox 393 627 557 710; x_wconf 82' lang='grc' dir='ltr'><em>διεβίβαζε</em></span> <span class='ocrx_word' id='word_1_15' title='bbox 586 629 644 702; x_wconf 81' lang='grc' dir='ltr'><em>σόος</em></span> <span class='ocrx_word' id='word_1_16' title='bbox 680 626 834 707; x_wconf 82' lang='grc' dir='ltr'><em>δννάμοιο.</em></span> <span class='ocrx_word' id='word_1_17' title='bbox 884 629 966 696; x_wconf 83' lang='lat' dir='ltr'><strong>Male</strong></span> <span class='ocrx_word' id='word_1_18' title='bbox 1002 632 1088 698; x_wconf 84' lang='lat' dir='ltr'><strong>enim</strong></span> <span class='ocrx_word' id='word_1_19' title='bbox 1121 634 1285 724; x_wconf 75' lang='lat' dir='ltr'><strong>vulgetur:</strong></span> <span class='ocrx_word' id='word_1_20' title='bbox 1323 637 1394 700; x_wconf 82' lang='grc' dir='ltr'><em>καθ’</em></span> 
     </span>
     <span class='ocr_line' id='line_1_4' title="bbox 205 745 549 830; baseline 0.009 -19"><span class='ocrx_word' id='word_1_21' title='bbox 205 745 237 812; x_wconf 75' lang='grc' dir='ltr'><strong>ὃν</strong></span> <span class='ocrx_word' id='word_1_22' title='bbox 260 748 315 826; x_wconf 86' lang='grc' dir='ltr'><em>γά</em></span> <span class='ocrx_word' id='word_1_23' title='bbox 323 772 338 828; x_wconf 93' lang='grc' dir='ltr'><em>ρ</em></span> <span class='ocrx_word' id='word_1_24' title='bbox 362 752 462 830; x_wconf 85' lang='grc' dir='ltr'><em>καιρόν</em></span> <span class='ocrx_word' id='word_1_25' title='bbox 484 751 549 816; x_wconf 83' lang='grc' dir='ltr'><strong>κτὲ.</strong></span> 
     </span>
    </p>

    <p class='ocr_par' dir='ltr' id='par_1_3' title="bbox 204 868 1469 2409">
     <span class='ocr_line' id='line_1_5' title="bbox 250 868 1395 962; baseline 0.006 -28"><span class='ocrx_word' id='word_1_26' title='bbox 250 868 327 934; x_wconf 87' lang='lat' dir='ltr'><strong>Nou·</strong></span> <span class='ocrx_word' id='word_1_27' title='bbox 355 869 469 936; x_wconf 85' lang='lat' dir='ltr'><strong>melior</strong></span> <span class='ocrx_word' id='word_1_28' title='bbox 503 889 569 936; x_wconf 88' lang='lat' dir='ltr'><strong>sors</strong></span> <span class='ocrx_word' id='word_1_29' title='bbox 605 891 701 958; x_wconf 86' lang='lat' dir='ltr'><strong>quam</strong></span> <span class='ocrx_word' id='word_1_30' title='bbox 734 891 827 958; x_wconf 90' lang='lat' dir='ltr'><strong>supra</strong></span> <span class='ocrx_word' id='word_1_31' title='bbox 854 869 987 936; x_wconf 81' lang='lat' dir='ltr'><strong>articulo</strong></span> <span class='ocrx_word' id='word_1_32' title='bbox 1010 873 1143 962; x_wconf 74' lang='lat' dir='ltr'><strong>contigit</strong></span> <span class='ocrx_word' id='word_1_33' title='bbox 1169 895 1214 938; x_wconf 82' lang='lat' dir='ltr'><strong>rs.</strong></span> <span class='ocrx_word' id='word_1_34' title='bbox 1243 877 1309 953; x_wconf 76' lang='lat'><strong>18,</strong></span> <span class='ocrx_word' id='word_1_35' title='bbox 1334 874 1395 940; x_wconf 92' lang='lat' dir='ltr'><strong>ubi</strong></span> 
     </span>
     <span class='ocr_line' id='line_1_6' title="bbox 206 987 1394 1078; baseline 0.007 -26"><span class='ocrx_word' id='word_1_36' title='bbox 206 988 435 1078; x_wconf 87' lang='lat' dir='ltr'><strong>supplendum:</strong></span> <span class='ocrx_word' id='word_1_37' title='bbox 472 987 551 1054; x_wconf 75' lang='grc' dir='ltr'><strong>ὥστε</strong></span> <span class='ocrx_word' id='word_1_38' title='bbox 588 987 654 1078; x_wconf 75' lang='grc' dir='ltr'>(τῷ)</span> <span class='ocrx_word' id='word_1_39' title='bbox 691 989 791 1072; x_wconf 79' lang='grc' dir='ltr'><em>στόλῳ</em></span> <span class='ocrx_word' id='word_1_40' title='bbox 819 989 913 1056; x_wconf 84' lang='grc' dir='ltr'><em>πανπί</em></span> <span class='ocrx_word' id='word_1_41' title='bbox 939 1001 1115 1071; x_wconf 72' lang='grc' dir='ltr'><em>ναναγιῑσαι</em></span> <span class='ocrx_word' id='word_1_42' title='bbox 1138 998 1256 1061; x_wconf 75' lang='grc' dir='ltr'><em>τοῦτον.</em></span> <span class='ocrx_word' id='word_1_43' title='bbox 1303 992 1394 1062; x_wconf 79' lang='lat' dir='ltr'><strong>Gon·</strong></span> 
     </span>
     <span class='ocr_line' id='line_1_7' title="bbox 205 1109 1394 1193; baseline 0.007 -19"><span class='ocrx_word' id='word_1_44' title='bbox 205 1111 302 1174; x_wconf 87' lang='lat' dir='ltr'><strong>trario</strong></span> <span class='ocrx_word' id='word_1_45' title='bbox 325 1132 430 1176; x_wconf 88' lang='lat' dir='ltr'><strong>errore</strong></span> <span class='ocrx_word' id='word_1_46' title='bbox 458 1109 569 1174; x_wconf 79' lang='lat' dir='ltr'><strong>vocula</strong></span> <span class='ocrx_word' id='word_1_47' title='bbox 592 1112 631 1183; x_wconf 71' lang='lat' dir='ltr'><strong>ds</strong></span> <span class='ocrx_word' id='word_1_48' title='bbox 654 1109 738 1176; x_wconf 85' lang='lat' dir='ltr'><strong>male</strong></span> <span class='ocrx_word' id='word_1_49' title='bbox 761 1109 922 1176; x_wconf 88' lang='lat' dir='ltr'><strong>abundare</strong></span> <span class='ocrx_word' id='word_1_50' title='bbox 944 1111 1069 1178; x_wconf 82' lang='lat' dir='ltr'><strong>videtur</strong></span> <span class='ocrx_word' id='word_1_51' title='bbox 1092 1137 1137 1180; x_wconf 87' lang='lat' dir='ltr'><strong>rs.</strong></span> <span class='ocrx_word' id='word_1_52' title='bbox 1164 1118 1226 1180; x_wconf 83' lang='lat'><strong>30:</strong></span> <span class='ocrx_word' id='word_1_53' title='bbox 1254 1115 1394 1193; x_wconf 76' lang='grc' dir='ltr'><em>κατηγό-</em></span> 
     </span>
     <span class='ocr_line' id='line_1_8' title="bbox 205 1229 1469 1320; baseline 0.006 -24"><span class='ocrx_word' id='word_1_54' title='bbox 205 1254 270 1312; x_wconf 89' lang='grc' dir='ltr'><em>ρουν</em></span> <span class='ocrx_word' id='word_1_55' title='bbox 299 1233 393 1298; x_wconf 79' lang='grc' dir='ltr'><em>αὐτοῦ</em></span> <span class='ocrx_word' id='word_1_56' title='bbox 426 1229 617 1318; x_wconf 77' lang='grc' dir='ltr'><strong>(Σκιπίωνος)</strong></span> <span class='ocrx_word' id='word_1_57' title='bbox 648 1229 794 1308; x_wconf 73' lang='grc' dir='ltr'><em>λέγοντες</em></span> <span class='ocrx_word' id='word_1_58' title='bbox 830 1231 904 1320; x_wconf 81' lang='grc' dir='ltr'><strong>[ἀς]</strong></span> <span class='ocrx_word' id='word_1_59' title='bbox 938 1231 1003 1298; x_wconf 78' lang='grc' dir='ltr'><strong>ἀπὸ</strong></span> <span class='ocrx_word' id='word_1_60' title='bbox 1037 1242 1094 1309; x_wconf 69' lang='grc' dir='ltr'><em>τοῖς</em></span> <span class='ocrx_word' id='word_1_61' title='bbox 1130 1235 1243 1301; x_wconf 81' lang='grc' dir='ltr'><em>ἐκείνου</em></span> <span class='ocrx_word' id='word_1_62' title='bbox 1264 1237 1395 1316; x_wconf 80' lang='grc' dir='ltr'><em>γνιίιμκς</em></span> <span class='ocrx_word' id='word_1_63' title='bbox 1468 1255 1469 1258; x_wconf 74' lang='grc'>’</span> 
     </span>
     <span class='ocr_line' id='line_1_9' title="bbox 205 1329 1469 1442; baseline 0.004 -25"><span class='ocrx_word' id='word_1_64' title='bbox 205 1349 337 1417; x_wconf 76' lang='grc' dir='ltr'><em>ἅπαντα</em></span> <span class='ocrx_word' id='word_1_65' title='bbox 368 1351 564 1432; x_wconf 78' lang='grc' dir='ltr'><em>πεπραχέναι</em></span> <span class='ocrx_word' id='word_1_66' title='bbox 594 1351 772 1430; x_wconf 76' lang='grc' dir='ltr'><em>Πανμίνιον</em></span> <span class='ocrx_word' id='word_1_67' title='bbox 806 1351 876 1441; x_wconf 88' lang='lat' dir='ltr'><strong>(pro</strong></span> <span class='ocrx_word' id='word_1_68' title='bbox 904 1353 1112 1442; x_wconf 78' lang='grc' dir='ltr'><em>Πλνμίνιοο).</em></span> <span class='ocrx_word' id='word_1_69' title='bbox 1160 1356 1243 1422; x_wconf 89' lang='lat' dir='ltr'><strong>Nam</strong></span> <span class='ocrx_word' id='word_1_70' title='bbox 1267 1357 1293 1422; x_wconf 86' lang='lat' dir='ltr'><strong>si</strong></span> <span class='ocrx_word' id='word_1_71' title='bbox 1316 1358 1395 1422; x_wconf 89' lang='lat' dir='ltr'><strong>reti·</strong></span> <span class='ocrx_word' id='word_1_72' title='bbox 1468 1329 1469 1398; x_wconf 71' lang='grc' dir='ltr'><em>ί</em></span> 
     </span>
     <span class='ocr_line' id='line_1_10' title="bbox 206 1471 1396 1564; baseline 0.006 -26"><span class='ocrx_word' id='word_1_73' title='bbox 206 1473 312 1538; x_wconf 89' lang='lat' dir='ltr'><strong>uueris</strong></span> <span class='ocrx_word' id='word_1_74' title='bbox 346 1475 385 1546; x_wconf 80' lang='grc' dir='ltr'><strong>ἀς</strong></span> <span class='ocrx_word' id='word_1_75' title='bbox 420 1473 575 1538; x_wconf 89' lang='lat' dir='ltr'><strong>sententia</strong></span> <span class='ocrx_word' id='word_1_76' title='bbox 606 1473 666 1538; x_wconf 91' lang='lat' dir='ltr'><strong>erit</strong></span> <span class='ocrx_word' id='word_1_77' title='bbox 687 1471 788 1538; x_wconf 85' lang='lat' dir='ltr'><strong>haec:</strong></span> <span class='ocrx_word' id='word_1_78' title='bbox 815 1473 1006 1540; x_wconf 84' lang='lat' dir='ltr'><strong>accusabant</strong></span> <span class='ocrx_word' id='word_1_79' title='bbox 1026 1473 1227 1564; x_wconf 83' lang='lat' dir='ltr'><strong>Scipionem,</strong></span> <span class='ocrx_word' id='word_1_80' title='bbox 1253 1476 1396 1544; x_wconf 84' lang='lat' dir='ltr'><strong>diceutes</strong></span> 
     </span>
     <span class='ocr_line' id='line_1_11' title="bbox 205 1593 1469 1682; baseline 0.005 -24"><span class='ocrx_word' id='word_1_81' title='bbox 205 1593 398 1658; x_wconf 85' lang='lat' dir='ltr'><strong>Pleminium</strong></span> <span class='ocrx_word' id='word_1_82' title='bbox 439 1594 544 1658; x_wconf 87' lang='lat' dir='ltr'><strong>omnia</strong></span> <span class='ocrx_word' id='word_1_83' title='bbox 583 1601 749 1682; x_wconf 74' lang='lat' dir='ltr'><strong>tauquam</strong></span> <span class='ocrx_word' id='word_1_84' title='bbox 779 1593 863 1658; x_wconf 89' lang='lat' dir='ltr'><strong>illius</strong></span> <span class='ocrx_word' id='word_1_85' title='bbox 895 1595 981 1660; x_wconf 88' lang='lat' dir='ltr'><strong>iussu</strong></span> <span class='ocrx_word' id='word_1_86' title='bbox 1011 1595 1132 1662; x_wconf 83' lang='lat' dir='ltr'><strong>secisse.</strong></span> <span class='ocrx_word' id='word_1_87' title='bbox 1183 1597 1271 1682; x_wconf 79' lang='lat' dir='ltr'><strong>Quae</strong></span> <span class='ocrx_word' id='word_1_88' title='bbox 1300 1599 1397 1664; x_wconf 88' lang='lat' dir='ltr'><strong>nimis</strong></span> <span class='ocrx_word' id='word_1_89' title='bbox 1468 1607 1469 1644; x_wconf 47' lang='grc' dir='ltr'><em>ί</em></span> 
     </span>
     <span class='ocr_line' id='line_1_12' title="bbox 206 1713 1469 1804; baseline 0.006 -26"><span class='ocrx_word' id='word_1_90' title='bbox 206 1713 339 1792; x_wconf 86' lang='lat' dir='ltr'><strong>debilis,</strong></span> <span class='ocrx_word' id='word_1_91' title='bbox 368 1715 402 1778; x_wconf 89' lang='lat' dir='ltr'><strong>ni</strong></span> <span class='ocrx_word' id='word_1_92' title='bbox 432 1713 544 1792; x_wconf 84' lang='lat' dir='ltr'><strong>failor,</strong></span> <span class='ocrx_word' id='word_1_93' title='bbox 566 1713 646 1780; x_wconf 88' lang='lat' dir='ltr'><strong>foret</strong></span> <span class='ocrx_word' id='word_1_94' title='bbox 670 1715 838 1780; x_wconf 76' lang='lat' dir='ltr'><strong>accusatio.</strong></span> <span class='ocrx_word' id='word_1_95' title='bbox 888 1713 1045 1804; x_wconf 89' lang='lat' dir='ltr'><strong>Scipionis</strong></span> <span class='ocrx_word' id='word_1_96' title='bbox 1068 1714 1236 1782; x_wconf 75' lang='lat' dir='ltr'><strong>adversarii</strong></span> <span class='ocrx_word' id='word_1_97' title='bbox 1257 1741 1396 1797; x_wconf 82' lang='grc' dir='ltr'><em>καπνγο-</em></span> <span class='ocrx_word' id='word_1_98' title='bbox 1468 1747 1469 1790; x_wconf 58' lang='lat'><em>5</em></span> 
     </span>
     <span class='ocr_line' id='line_1_13' title="bbox 208 1832 1397 1922; baseline 0.006 -22"><span class='ocrx_word' id='word_1_99' title='bbox 208 1839 293 1916; x_wconf 81' lang='grc' dir='ltr'><em>ρικῶο</em></span> <span class='ocrx_word' id='word_1_100' title='bbox 324 1834 369 1898; x_wconf 90' lang='lat' dir='ltr'><strong>sic</strong></span> <span class='ocrx_word' id='word_1_101' title='bbox 392 1832 560 1900; x_wconf 86' lang='lat' dir='ltr'><strong>dicebaut:</strong></span> <span class='ocrx_word' id='word_1_102' title='bbox 590 1832 652 1900; x_wconf 80' lang='grc' dir='ltr'><strong>ἀπὸ</strong></span> <span class='ocrx_word' id='word_1_103' title='bbox 675 1843 731 1910; x_wconf 78' lang='grc' dir='ltr'><strong>τῆς</strong></span> <span class='ocrx_word' id='word_1_104' title='bbox 754 1835 921 1910; x_wconf 74' lang='grc' dir='ltr'><strong><em>Σκιπίωνος</em></strong></span> <span class='ocrx_word' id='word_1_105' title='bbox 945 1837 1070 1915; x_wconf 76' lang='grc' dir='ltr'><em>γνώμης</em></span> <span class='ocrx_word' id='word_1_106' title='bbox 1092 1833 1223 1904; x_wconf 72' lang='grc' dir='ltr'><em>ἅπαντα</em></span> <span class='ocrx_word' id='word_1_107' title='bbox 1247 1839 1397 1922; x_wconf 72' lang='grc' dir='ltr'><em>πέπραχε</em></span> 
     </span>
     <span class='ocr_line' id='line_1_14' title="bbox 207 1953 1399 2048; baseline 0.004 -27"><span class='ocrx_word' id='word_1_108' title='bbox 207 1955 385 2036; x_wconf 77' lang='grc' dir='ltr'><em>Πλκμίνιοο.</em></span> <span class='ocrx_word' id='word_1_109' title='bbox 433 1953 545 2042; x_wconf 86' lang='lat' dir='ltr'><strong>Itaque</strong></span> <span class='ocrx_word' id='word_1_110' title='bbox 577 1957 634 2031; x_wconf 80' lang='grc' dir='ltr'><strong>ὡς,</strong></span> <span class='ocrx_word' id='word_1_111' title='bbox 666 1967 777 2022; x_wconf 86' lang='lat' dir='ltr'><strong>uatum</strong></span> <span class='ocrx_word' id='word_1_112' title='bbox 807 1957 937 2022; x_wconf 82' lang='lat' dir='ltr'><strong>fortasse</strong></span> <span class='ocrx_word' id='word_1_113' title='bbox 968 1958 1223 2048; x_wconf 85' lang='lat' dir='ltr'><strong>epreecedentis</strong></span> <span class='ocrx_word' id='word_1_114' title='bbox 1249 1960 1399 2028; x_wconf 84' lang='lat' dir='ltr'><strong>rocabuli</strong></span> 
     </span>
     <span class='ocr_line' id='line_1_15' title="bbox 209 2075 1469 2161; baseline 0.005 -18"><span class='ocrx_word' id='word_1_115' title='bbox 209 2077 326 2155; x_wconf 88' lang='lat' dir='ltr'><strong>cauda,</strong></span> <span class='ocrx_word' id='word_1_116' title='bbox 360 2075 485 2142; x_wconf 82' lang='lat' dir='ltr'><strong>exulare</strong></span> <span class='ocrx_word' id='word_1_117' title='bbox 520 2075 696 2141; x_wconf 86' lang='lat' dir='ltr'><strong>iubeamus.</strong></span> <span class='ocrx_word' id='word_1_118' title='bbox 746 2075 803 2142; x_wconf 91' lang='lat' dir='ltr'><strong>Sin</strong></span> <span class='ocrx_word' id='word_1_119' title='bbox 823 2079 947 2156; x_wconf 86' lang='lat' dir='ltr'><strong>miuus,</strong></span> <span class='ocrx_word' id='word_1_120' title='bbox 984 2079 1164 2147; x_wconf 85' lang='lat' dir='ltr'><strong>Infinitirus</strong></span> <span class='ocrx_word' id='word_1_121' title='bbox 1196 2081 1397 2161; x_wconf 80' lang='grc' dir='ltr'><em>πεπραχέναι</em></span> <span class='ocrx_word' id='word_1_122' title='bbox 1468 2083 1469 2140; x_wconf 60' lang='grc' dir='ltr'><em>ί</em></span> 
     </span>
     <span class='ocr_line' id='line_1_16' title="bbox 208 2195 1397 2290; baseline 0.006 -26"><span class='ocrx_word' id='word_1_123' title='bbox 208 2201 241 2264; x_wconf 88' lang='lat' dir='ltr'><strong>in</strong></span> <span class='ocrx_word' id='word_1_124' title='bbox 282 2196 430 2276; x_wconf 78' lang='grc' dir='ltr'><em>πέπραχε</em></span> <span class='ocrx_word' id='word_1_125' title='bbox 470 2196 587 2261; x_wconf 87' lang='lat' dir='ltr'><strong>mutari</strong></span> <span class='ocrx_word' id='word_1_126' title='bbox 624 2195 771 2276; x_wconf 80' lang='lat' dir='ltr'><strong>debebit,</strong></span> <span class='ocrx_word' id='word_1_127' title='bbox 811 2221 907 2287; x_wconf 88' lang='lat' dir='ltr'><strong>quam</strong></span> <span class='ocrx_word' id='word_1_128' title='bbox 936 2201 1092 2266; x_wconf 85' lang='lat' dir='ltr'><strong>rationem</strong></span> <span class='ocrx_word' id='word_1_129' title='bbox 1125 2223 1230 2290; x_wconf 88' lang='lat' dir='ltr'><strong>neque</strong></span> <span class='ocrx_word' id='word_1_130' title='bbox 1264 2201 1397 2270; x_wconf 82' lang='lat' dir='ltr'><strong>fortasse</strong></span> 
     </span>
     <span class='ocr_line' id='line_1_17' title="bbox 204 2303 1469 2409; baseline 0.005 -25"><span class='ocrx_word' id='word_1_131' title='bbox 204 2319 365 2384; x_wconf 64' lang='lat' dir='ltr'><strong>inmerito</strong></span> <span class='ocrx_word' id='word_1_132' title='bbox 389 2317 514 2382; x_wconf 88' lang='lat' dir='ltr'><strong>Reiskio</strong></span> <span class='ocrx_word' id='word_1_133' title='bbox 526 2366 535 2396; x_wconf 93' lang='lat'>,</span> <span class='ocrx_word' id='word_1_134' title='bbox 559 2318 625 2384; x_wconf 79' lang='lat' dir='ltr'><strong>viro</strong></span> <span class='ocrx_word' id='word_1_135' title='bbox 648 2339 792 2397; x_wconf 88' lang='lat' dir='ltr'><strong>summo,</strong></span> <span class='ocrx_word' id='word_1_136' title='bbox 816 2319 907 2386; x_wconf 86' lang='lat' dir='ltr'><strong>rideo</strong></span> <span class='ocrx_word' id='word_1_137' title='bbox 929 2320 1095 2409; x_wconf 80' lang='lat' dir='ltr'><strong>placuisse.</strong></span> <span class='ocrx_word' id='word_1_138' title='bbox 1468 2303 1469 2308; x_wconf 10' lang='grc' dir='ltr'><em>ί</em></span> 
     </span>
    </p>
   </div>
   <div class='ocr_carea' id='block_1_3' title="bbox 253 2438 1469 2556">
    <p class='ocr_par' dir='ltr' id='par_1_4' title="bbox 253 2438 1469 2556">
     <span class='ocr_line' id='line_1_18' title="bbox 253 2438 1469 2556; baseline 0.002 -48"><span class='ocrx_word' id='word_1_139' title='bbox 253 2439 327 2508; x_wconf 90' lang='lat' dir='ltr'><strong>Nou</strong></span> <span class='ocrx_word' id='word_1_140' title='bbox 357 2439 455 2529; x_wconf 79' lang='lat' dir='ltr'><strong>magis</strong></span> <span class='ocrx_word' id='word_1_141' title='bbox 482 2438 648 2504; x_wconf 80' lang='lat' dir='ltr'><strong>ferendum</strong></span> <span class='ocrx_word' id='word_1_142' title='bbox 678 2439 783 2506; x_wconf 91' lang='lat' dir='ltr'><strong>iudico</strong></span> <span class='ocrx_word' id='word_1_143' title='bbox 813 2443 839 2506; x_wconf 84' lang='grc' dir='ltr'><strong>εί</strong></span> <span class='ocrx_word' id='word_1_144' title='bbox 864 2463 938 2507; x_wconf 89' lang='lat' dir='ltr'><strong>curu</strong></span> <span class='ocrx_word' id='word_1_145' title='bbox 962 2442 1162 2508; x_wconf 84' lang='lat' dir='ltr'><strong>couiuuctIvo</strong></span> <span class='ocrx_word' id='word_1_146' title='bbox 1185 2443 1323 2532; x_wconf 89' lang='lat' dir='ltr'><strong>positum</strong></span> <span class='ocrx_word' id='word_1_147' title='bbox 1348 2467 1397 2511; x_wconf 81' lang='lat' dir='ltr'><strong>rs.</strong></span> <span class='ocrx_word' id='word_1_148' title='bbox 1468 2507 1469 2556; x_wconf 77' lang='lat' dir='ltr'><strong>t</strong></span> 
     </span>
    </p>
   </div>
   <div class='ocr_carea' id='block_1_4' title="bbox 200 2539 1469 3874">
    <p class='ocr_par' dir='ltr' id='par_1_5' title="bbox 200 2539 1469 3890">
     <span class='ocr_line' id='line_1_19' title="bbox 210 2539 1399 2654; baseline 0.003 -27"><span class='ocrx_word' id='word_1_149' title='bbox 210 2565 270 2628; x_wconf 83' lang='lat'><strong>32:</strong></span> <span class='ocrx_word' id='word_1_150' title='bbox 304 2562 336 2626; x_wconf 82' lang='grc' dir='ltr'><strong>εί</strong></span> <span class='ocrx_word' id='word_1_151' title='bbox 367 2561 425 2650; x_wconf 79' lang='grc' dir='ltr'><strong>μὲν</strong></span> <span class='ocrx_word' id='word_1_152' title='bbox 452 2557 557 2641; x_wconf 76' lang='grc' dir='ltr'><em>εὕρωσι</em></span> <span class='ocrx_word' id='word_1_153' title='bbox 580 2597 626 2610; x_wconf 90' lang='lat'><strong>--</strong></span> <span class='ocrx_word' id='word_1_154' title='bbox 648 2561 681 2625; x_wconf 84' lang='grc' dir='ltr'><strong>εί</strong></span> <span class='ocrx_word' id='word_1_155' title='bbox 710 2539 748 2626; x_wconf 52' lang='grc' dir='ltr'><strong>δὲ’</strong></span> <span class='ocrx_word' id='word_1_156' title='bbox 769 2563 813 2640; x_wconf 73' lang='grc' dir='ltr'><strong>μίν</strong></span> <span class='ocrx_word' id='word_1_157' title='bbox 837 2561 892 2628; x_wconf 89' lang='lat' dir='ltr'><strong>sed</strong></span> <span class='ocrx_word' id='word_1_158' title='bbox 915 2562 1084 2652; x_wconf 86' lang='lat' dir='ltr'><strong>utrobique</strong></span> <span class='ocrx_word' id='word_1_159' title='bbox 1107 2564 1329 2654; x_wconf 81' lang='lat' dir='ltr'><strong>corrigendum</strong></span> <span class='ocrx_word' id='word_1_160' title='bbox 1353 2565 1399 2641; x_wconf 77' lang='grc' dir='ltr'><strong>ἣν</strong></span> 
     </span>
     <span class='ocr_line' id='line_1_20' title="bbox 208 2679 1469 2788; baseline 0.002 -39"><span class='ocrx_word' id='word_1_161' title='bbox 208 2683 259 2750; x_wconf 85' lang='lat' dir='ltr'><strong>rel</strong></span> <span class='ocrx_word' id='word_1_162' title='bbox 289 2682 370 2750; x_wconf 84' lang='grc' dir='ltr'><em>ε’όιν.</em></span> <span class='ocrx_word' id='word_1_163' title='bbox 418 2682 472 2748; x_wconf 83' lang='lat' dir='ltr'><strong>Vs.</strong></span> <span class='ocrx_word' id='word_1_164' title='bbox 507 2685 566 2746; x_wconf 86' lang='lat'><strong>31:</strong></span> <span class='ocrx_word' id='word_1_165' title='bbox 600 2679 769 2746; x_wconf 76' lang='grc' dir='ltr'><em>ἀπέστειλε</em></span> <span class='ocrx_word' id='word_1_166' title='bbox 801 2683 999 2763; x_wconf 71' lang='grc' dir='ltr'><em>πρεσβευτὰς</em></span> <span class='ocrx_word' id='word_1_167' title='bbox 1030 2683 1220 2766; x_wconf 73' lang='grc' dir='ltr'><em>ἀγορανόμον</em></span> <span class='ocrx_word' id='word_1_168' title='bbox 1255 2685 1308 2752; x_wconf 80' lang='grc' dir='ltr'><em>καί</em></span> <span class='ocrx_word' id='word_1_169' title='bbox 1345 2685 1399 2752; x_wconf 86' lang='grc' dir='ltr'><em>διίο</em></span> <span class='ocrx_word' id='word_1_170' title='bbox 1468 2701 1469 2788; x_wconf 87' lang='lat'><strong>3</strong></span> 
     </span>
     <span class='ocr_line' id='line_1_21' title="bbox 208 2801 1399 2896; baseline 0.002 -26"><span class='ocrx_word' id='word_1_171' title='bbox 208 2803 397 2885; x_wconf 71' lang='grc' dir='ltr'><em>δημάρχους.</em></span> <span class='ocrx_word' id='word_1_172' title='bbox 434 2803 534 2868; x_wconf 87' lang='lat' dir='ltr'><strong>Possis</strong></span> <span class='ocrx_word' id='word_1_173' title='bbox 557 2805 589 2867; x_wconf 81' lang='grc' dir='ltr'><strong>α’</strong></span> <span class='ocrx_word' id='word_1_174' title='bbox 612 2801 802 2884; x_wconf 88' lang='grc' dir='ltr'><em>ἀγορανόμον</em></span> <span class='ocrx_word' id='word_1_175' title='bbox 822 2804 844 2869; x_wconf 92' lang='lat' dir='ltr'><strong>i.</strong></span> <span class='ocrx_word' id='word_1_176' title='bbox 870 2827 899 2869; x_wconf 91' lang='lat' dir='ltr'><strong>e.</strong></span> <span class='ocrx_word' id='word_1_177' title='bbox 926 2801 995 2868; x_wconf 76' lang='grc' dir='ltr'><em>ἕνα</em></span> <span class='ocrx_word' id='word_1_178' title='bbox 1017 2806 1225 2886; x_wconf 88' lang='grc' dir='ltr'><em>ἀγορανόμον,</em></span> <span class='ocrx_word' id='word_1_179' title='bbox 1245 2805 1298 2872; x_wconf 87' lang='lat' dir='ltr'><strong>sed</strong></span> <span class='ocrx_word' id='word_1_180' title='bbox 1316 2829 1399 2896; x_wconf 86' lang='lat' dir='ltr'><strong>opus</strong></span> 
     </span>
     <span class='ocr_line' id='line_1_22' title="bbox 208 2922 1399 3014; baseline 0.003 -24"><span class='ocrx_word' id='word_1_181' title='bbox 208 2947 273 2990; x_wconf 88' lang='lat' dir='ltr'><strong>nou</strong></span> <span class='ocrx_word' id='word_1_182' title='bbox 296 2937 354 2990; x_wconf 87' lang='lat' dir='ltr'><strong>est.</strong></span> <span class='ocrx_word' id='word_1_183' title='bbox 398 2922 510 3012; x_wconf 88' lang='lat' dir='ltr'><strong>Neque</strong></span> <span class='ocrx_word' id='word_1_184' title='bbox 534 2923 653 2990; x_wconf 88' lang='lat' dir='ltr'><strong>Graece</strong></span> <span class='ocrx_word' id='word_1_185' title='bbox 676 2922 797 2990; x_wconf 86' lang='lat' dir='ltr'><strong>dietum</strong></span> <span class='ocrx_word' id='word_1_186' title='bbox 820 2947 886 2990; x_wconf 85' lang='lat' dir='ltr'><strong>csse</strong></span> <span class='ocrx_word' id='word_1_187' title='bbox 909 2937 987 3014; x_wconf 89' lang='lat' dir='ltr'><strong>puto</strong></span> <span class='ocrx_word' id='word_1_188' title='bbox 1008 2949 1052 2990; x_wconf 81' lang='lat' dir='ltr'><strong>vs.</strong></span> <span class='ocrx_word' id='word_1_189' title='bbox 1076 2931 1136 2992; x_wconf 83' lang='lat'><strong>36:</strong></span> <span class='ocrx_word' id='word_1_190' title='bbox 1157 2927 1399 3006; x_wconf 66' lang='lat' dir='ltr'><strong>chentwines</strong></span> 
     </span>
     <span class='ocr_line' id='line_1_23' title="bbox 202 3040 1394 3122; baseline 0.002 -10"><span class='ocrx_word' id='word_1_191' title='bbox 202 3045 312 3122; x_wconf 76' lang='grc' dir='ltr'><em>ἔδησεν</em></span> <span class='ocrx_word' id='word_1_192' title='bbox 352 3046 409 3118; x_wconf 78' lang='grc' dir='ltr'><strong>εἰς</strong></span> <span class='ocrx_word' id='word_1_193' title='bbox 451 3040 612 3122; x_wconf 66' lang='lat' dir='ltr'><strong>devora,</strong></span> <span class='ocrx_word' id='word_1_194' title='bbox 648 3068 756 3112; x_wconf 84' lang='lat' dir='ltr'><strong>verum</strong></span> <span class='ocrx_word' id='word_1_195' title='bbox 789 3046 919 3112; x_wconf 87' lang='lat' dir='ltr'><strong>iubente</strong></span> <span class='ocrx_word' id='word_1_196' title='bbox 956 3067 1031 3114; x_wconf 82' lang='lat' dir='ltr'><strong>saue</strong></span> <span class='ocrx_word' id='word_1_197' title='bbox 1066 3049 1187 3114; x_wconf 86' lang='lat' dir='ltr'><strong>ratione</strong></span> <span class='ocrx_word' id='word_1_198' title='bbox 1230 3048 1394 3116; x_wconf 84' lang='lat' dir='ltr'><strong>rescribo:</strong></span> 
     </span>
     <span class='ocr_line' id='line_1_24' title="bbox 206 3155 1469 3246; baseline 0.004 -13"><span class='ocrx_word' id='word_1_199' title='bbox 206 3157 311 3242; x_wconf 61' lang='grc' dir='ltr'><em>ἔδησεν</em></span> <span class='ocrx_word' id='word_1_200' title='bbox 353 3167 383 3229; x_wconf 82' lang='grc' dir='ltr'><strong>ἐν</strong></span> <span class='ocrx_word' id='word_1_201' title='bbox 426 3165 637 3244; x_wconf 75' lang='grc' dir='ltr'><em>ἀλύσεσιν,</em></span> <span class='ocrx_word' id='word_1_202' title='bbox 680 3181 715 3233; x_wconf 91' lang='lat' dir='ltr'><strong>ut</strong></span> <span class='ocrx_word' id='word_1_203' title='bbox 757 3168 874 3234; x_wconf 91' lang='lat' dir='ltr'><strong>dicitur</strong></span> <span class='ocrx_word' id='word_1_204' title='bbox 912 3168 974 3234; x_wconf 73' lang='grc' dir='ltr'><em>’δεῖν</em></span> <span class='ocrx_word' id='word_1_205' title='bbox 998 3169 1036 3232; x_wconf 86' lang='grc' dir='ltr'><strong>ἐν</strong></span> <span class='ocrx_word' id='word_1_206' title='bbox 1060 3169 1231 3246; x_wconf 81' lang='grc' dir='ltr'><em>πέδαις,</em></span> <span class='ocrx_word' id='word_1_207' title='bbox 1266 3171 1397 3238; x_wconf 77' lang='lat' dir='ltr'><strong>similia.</strong></span> <span class='ocrx_word' id='word_1_208' title='bbox 1468 3155 1469 3218; x_wconf 39' lang='lat' dir='ltr'><strong>i</strong></span> 
     </span>
     <span class='ocr_line' id='line_1_25' title="bbox 200 3272 1400 3406; baseline 0.006 -28"><span class='ocrx_word' id='word_1_209' title='bbox 200 3313 378 3402; x_wconf 76' lang='lat' dir='ltr'><strong>&#39;Vulgatam</strong></span> <span class='ocrx_word' id='word_1_210' title='bbox 410 3317 533 3403; x_wconf 85' lang='lat' dir='ltr'><strong>peperit</strong></span> <span class='ocrx_word' id='word_1_211' title='bbox 564 3316 608 3380; x_wconf 90' lang='lat' dir='ltr'><strong>sic</strong></span> <span class='ocrx_word' id='word_1_212' title='bbox 633 3327 773 3382; x_wconf 90' lang='lat' dir='ltr'><strong>correcta</strong></span> <span class='ocrx_word' id='word_1_213' title='bbox 796 3315 911 3381; x_wconf 91' lang='lat' dir='ltr'><strong>lectio:</strong></span> <span class='ocrx_word' id='word_1_214' title='bbox 938 3272 1059 3380; x_wconf 73' lang='grc' dir='ltr'><em>ἀλόόιν.</em></span> <span class='ocrx_word' id='word_1_215' title='bbox 1108 3317 1172 3382; x_wconf 78' lang='lat' dir='ltr'><strong>Aut</strong></span> <span class='ocrx_word' id='word_1_216' title='bbox 1194 3317 1263 3406; x_wconf 87' lang='lat' dir='ltr'><strong>quis</strong></span> <span class='ocrx_word' id='word_1_217' title='bbox 1287 3318 1400 3384; x_wconf 89' lang='lat' dir='ltr'><strong>credat</strong></span> 
     </span>
     <span class='ocr_line' id='line_1_26' title="bbox 209 3420 1400 3512; baseline 0 -25"><span class='ocrx_word' id='word_1_218' title='bbox 209 3421 366 3487; x_wconf 87' lang='lat' dir='ltr'><strong>Graecum</strong></span> <span class='ocrx_word' id='word_1_219' title='bbox 399 3443 481 3485; x_wconf 89' lang='lat' dir='ltr'><strong>esse:</strong></span> <span class='ocrx_word' id='word_1_220' title='bbox 520 3420 580 3484; x_wconf 78' lang='grc' dir='ltr'><strong>ἐπὶ</strong></span> <span class='ocrx_word' id='word_1_221' title='bbox 617 3420 852 3499; x_wconf 71' lang='grc' dir='ltr'><em>δεισιδαιμονίαν</em></span> <span class='ocrx_word' id='word_1_222' title='bbox 883 3421 1059 3500; x_wconf 72' lang='grc' dir='ltr'><em>ἐνέπιπτον,</em></span> <span class='ocrx_word' id='word_1_223' title='bbox 1091 3435 1126 3488; x_wconf 84' lang='lat' dir='ltr'><strong>ut</strong></span> <span class='ocrx_word' id='word_1_224' title='bbox 1151 3421 1284 3487; x_wconf 83' lang='lat' dir='ltr'><strong>absurde</strong></span> <span class='ocrx_word' id='word_1_225' title='bbox 1314 3423 1400 3512; x_wconf 73' lang='lat' dir='ltr'><strong>Iegi-</strong></span> 
     </span>
     <span class='ocr_line' id='line_1_27' title="bbox 205 3527 1469 3632; baseline 0 -22"><span class='ocrx_word' id='word_1_226' title='bbox 205 3557 259 3610; x_wconf 88' lang='lat' dir='ltr'><strong>tur</strong></span> <span class='ocrx_word' id='word_1_227' title='bbox 287 3546 321 3608; x_wconf 92' lang='lat' dir='ltr'><strong>iu</strong></span> <span class='ocrx_word' id='word_1_228' title='bbox 350 3543 390 3608; x_wconf 86' lang='lat' dir='ltr'><strong>fr.</strong></span> <span class='ocrx_word' id='word_1_229' title='bbox 424 3541 469 3606; x_wconf 79' lang='lat' dir='ltr'><strong>Vl</strong></span> <span class='ocrx_word' id='word_1_230' title='bbox 499 3563 544 3606; x_wconf 84' lang='lat' dir='ltr'><strong>vs.</strong></span> <span class='ocrx_word' id='word_1_231' title='bbox 582 3543 618 3605; x_wconf 92' lang='lat' dir='ltr'><strong>ll</strong></span> <span class='ocrx_word' id='word_1_232' title='bbox 650 3565 708 3631; x_wconf 93' lang='lat' dir='ltr'><strong>pro</strong></span> <span class='ocrx_word' id='word_1_233' title='bbox 740 3545 797 3616; x_wconf 81' lang='grc' dir='ltr'><strong>είς</strong></span> <span class='ocrx_word' id='word_1_234' title='bbox 827 3543 1063 3623; x_wconf 74' lang='grc' dir='ltr'><em>δεισιδαιμονίαν</em></span> <span class='ocrx_word' id='word_1_235' title='bbox 1094 3544 1179 3622; x_wconf 82' lang='grc' dir='ltr'><strong>κπὲ.,</strong></span> <span class='ocrx_word' id='word_1_236' title='bbox 1212 3543 1296 3632; x_wconf 89' lang='lat' dir='ltr'><strong>quod</strong></span> <span class='ocrx_word' id='word_1_237' title='bbox 1327 3545 1400 3610; x_wconf 88' lang='lat' dir='ltr'><strong>siue</strong></span> <span class='ocrx_word' id='word_1_238' title='bbox 1468 3527 1469 3586; x_wconf 45' lang='grc' dir='ltr'><em>ί</em></span> 
     </span>
     <span class='ocr_line' id='line_1_28' title="bbox 206 3661 1399 3753; baseline -0.001 -22"><span class='ocrx_word' id='word_1_239' title='bbox 206 3664 415 3731; x_wconf 79' lang='lat' dir='ltr'><strong>controuersia</strong></span> <span class='ocrx_word' id='word_1_240' title='bbox 447 3662 584 3728; x_wconf 87' lang='lat' dir='ltr'><strong>Diodoro</strong></span> <span class='ocrx_word' id='word_1_241' title='bbox 615 3661 812 3728; x_wconf 89' lang='lat' dir='ltr'><strong>reddendum</strong></span> <span class='ocrx_word' id='word_1_242' title='bbox 843 3675 899 3729; x_wconf 82' lang='lat' dir='ltr'><strong>est.</strong></span> <span class='ocrx_word' id='word_1_243' title='bbox 949 3664 1016 3731; x_wconf 90' lang='lat' dir='ltr'><strong>Nec</strong></span> <span class='ocrx_word' id='word_1_244' title='bbox 1040 3685 1130 3753; x_wconf 87' lang='lat' dir='ltr'><strong>spero</strong></span> <span class='ocrx_word' id='word_1_245' title='bbox 1153 3677 1313 3752; x_wconf 88' lang='lat' dir='ltr'><strong>repertum</strong></span> <span class='ocrx_word' id='word_1_246' title='bbox 1334 3666 1399 3746; x_wconf 90' lang='lat' dir='ltr'><strong>iri,</strong></span> 
     </span>
     <span class='ocr_line' id='line_1_29' title="bbox 207 3775 1400 3874; baseline 0.002 -24"><span class='ocrx_word' id='word_1_247' title='bbox 207 3785 263 3874; x_wconf 90' lang='lat' dir='ltr'><strong>qui</strong></span> <span class='ocrx_word' id='word_1_248' title='bbox 278 3775 280 3782; x_wconf 20' lang='grc' dir='ltr'><em>ί</em></span> <span class='ocrx_word' id='word_1_249' title='bbox 296 3797 381 3850; x_wconf 88' lang='lat' dir='ltr'><strong>recte</strong></span> <span class='ocrx_word' id='word_1_250' title='bbox 414 3782 533 3849; x_wconf 89' lang='lat' dir='ltr'><strong>habere</strong></span> <span class='ocrx_word' id='word_1_251' title='bbox 563 3782 734 3848; x_wconf 86' lang='lat' dir='ltr'><strong>defendant</strong></span> <span class='ocrx_word' id='word_1_252' title='bbox 768 3784 802 3848; x_wconf 94' lang='lat' dir='ltr'><strong>iu</strong></span> <span class='ocrx_word' id='word_1_253' title='bbox 836 3784 875 3849; x_wconf 91' lang='lat' dir='ltr'><strong>fr.</strong></span> <span class='ocrx_word' id='word_1_254' title='bbox 915 3783 960 3850; x_wconf 82' lang='lat' dir='ltr'><strong>IX</strong></span> <span class='ocrx_word' id='word_1_255' title='bbox 993 3809 1035 3850; x_wconf 84' lang='lat' dir='ltr'><strong>rs.</strong></span> <span class='ocrx_word' id='word_1_256' title='bbox 1071 3788 1114 3850; x_wconf 87' lang='grc'><strong>36</strong></span> <span class='ocrx_word' id='word_1_257' title='bbox 1148 3785 1320 3850; x_wconf 80' lang='lat' dir='ltr'><strong>uocabula:</strong></span> <span class='ocrx_word' id='word_1_258' title='bbox 1350 3785 1400 3853; x_wconf 81' lang='grc' dir='ltr'><strong>διδ</strong></span> 
     </span>
    </p>
   </div>
   <div class='ocr_carea' id='block_1_5' title="bbox 85 3899 1399 3986">
    <p class='ocr_par' dir='ltr' id='par_1_6' title="bbox 85 3893 1469 3992">
     <span class='ocr_line' id='line_1_30' title="bbox 85 3899 1399 3986; baseline 0.001 -17"><span class='ocrx_word' id='word_1_259' title='bbox 85 3899 95 3920; x_wconf 81' lang='lat'>&#39;</span> <span class='ocrx_word' id='word_1_260' title='bbox 206 3906 259 3970; x_wconf 81' lang='grc' dir='ltr'><em>καί</em></span> <span class='ocrx_word' id='word_1_261' title='bbox 299 3905 387 3984; x_wconf 79' lang='grc' dir='ltr'><em>παχὺ</em></span> <span class='ocrx_word' id='word_1_262' title='bbox 426 3909 480 3968; x_wconf 85' lang='grc' dir='ltr'><em>ποῦ</em></span> <span class='ocrx_word' id='word_1_263' title='bbox 522 3903 671 3986; x_wconf 79' lang='grc' dir='ltr'><em>Σόφακος</em></span> <span class='ocrx_word' id='word_1_264' title='bbox 707 3905 721 3969; x_wconf 84' lang='grc' dir='ltr'><em>ό</em></span> <span class='ocrx_word' id='word_1_265' title='bbox 757 3905 892 3971; x_wconf 76' lang='grc' dir='ltr'><em>Σκιπίων</em></span> <span class='ocrx_word' id='word_1_266' title='bbox 928 3913 984 3982; x_wconf 75' lang='grc' dir='ltr'><strong>πῆς</strong></span> <span class='ocrx_word' id='word_1_267' title='bbox 1020 3905 1064 3980; x_wconf 75' lang='grc' dir='ltr'><strong>είς</strong></span> <span class='ocrx_word' id='word_1_268' title='bbox 1100 3905 1193 3971; x_wconf 81' lang='grc' dir='ltr'><em>αὐτὸν</em></span> <span class='ocrx_word' id='word_1_269' title='bbox 1227 3905 1399 3982; x_wconf 81' lang='grc' dir='ltr'><em>ἐπιεικείας</em></span> 
     </span>
    </p>
   </div>
   <div class='ocr_carea' id='block_1_6' title="bbox 203 4023 1469 4718">
    <p class='ocr_par' dir='ltr' id='par_1_7' title="bbox 203 4023 1469 4734">
     <span class='ocr_line' id='line_1_31' title="bbox 203 4023 1469 4114; baseline -0.026 3"><span class='ocrx_word' id='word_1_270' title='bbox 203 4025 419 4105; x_wconf 54' lang='lat' dir='ltr'><strong>mistim</strong></span> <span class='ocrx_word' id='word_1_271' title='bbox 449 4023 553 4106; x_wconf 62' lang='grc' dir='ltr'><em>κίίίί·</em></span> <span class='ocrx_word' id='word_1_272' title='bbox 602 4025 682 4090; x_wconf 84' lang='lat' dir='ltr'><strong>Mihi</strong></span> <span class='ocrx_word' id='word_1_273' title='bbox 713 4027 840 4114; x_wconf 87' lang='lat' dir='ltr'><strong>quidem</strong></span> <span class='ocrx_word' id='word_1_274' title='bbox 869 4040 942 4093; x_wconf 87' lang='lat' dir='ltr'><strong>aute</strong></span> <span class='ocrx_word' id='word_1_275' title='bbox 965 4026 1138 4094; x_wconf 79' lang='lat' dir='ltr'><strong>vocabula:</strong></span> <span class='ocrx_word' id='word_1_276' title='bbox 1164 4033 1219 4092; x_wconf 83' lang='grc' dir='ltr'><strong>ποῖι</strong></span> <span class='ocrx_word' id='word_1_277' title='bbox 1244 4027 1399 4109; x_wconf 78' lang='grc' dir='ltr'><em>Σόφακος</em></span> <span class='ocrx_word' id='word_1_278' title='bbox 1468 4023 1469 4108; x_wconf 60' lang='grc' dir='ltr'>ᾗ</span> 
     </span>
     <span class='ocr_line' id='line_1_32' title="bbox 203 4145 1399 4238; baseline -0.002 -22"><span class='ocrx_word' id='word_1_279' title='bbox 203 4147 353 4216; x_wconf 84' lang='lat' dir='ltr'><strong>excidisse</strong></span> <span class='ocrx_word' id='word_1_280' title='bbox 394 4145 519 4212; x_wconf 82' lang='lat' dir='ltr'><strong>videtur</strong></span> <span class='ocrx_word' id='word_1_281' title='bbox 563 4146 753 4236; x_wconf 83' lang='lat' dir='ltr'><strong>praepositio</strong></span> <span class='ocrx_word' id='word_1_282' title='bbox 799 4147 918 4230; x_wconf 86' lang='grc' dir='ltr'><em>παρά.</em></span> <span class='ocrx_word' id='word_1_283' title='bbox 967 4148 1209 4238; x_wconf 87' lang='lat' dir='ltr'><strong>Palimpsestum</strong></span> <span class='ocrx_word' id='word_1_284' title='bbox 1246 4147 1399 4216; x_wconf 78' lang='lat' dir='ltr'><strong>exhibere</strong></span> 
     </span>
     <span class='ocr_line' id='line_1_33' title="bbox 206 4266 1397 4358; baseline -0.016 -12"><span class='ocrx_word' id='word_1_285' title='bbox 206 4271 365 4354; x_wconf 64' lang='grc' dir='ltr'><em>Σόφακος,</em></span> <span class='ocrx_word' id='word_1_286' title='bbox 409 4266 463 4332; x_wconf 79' lang='lat' dir='ltr'><strong>sed</strong></span> <span class='ocrx_word' id='word_1_287' title='bbox 502 4289 687 4357; x_wconf 87' lang='lat' dir='ltr'><strong>perperam,</strong></span> <span class='ocrx_word' id='word_1_288' title='bbox 730 4267 855 4333; x_wconf 90' lang='lat' dir='ltr'><strong>docebit</strong></span> <span class='ocrx_word' id='word_1_289' title='bbox 897 4291 968 4335; x_wconf 88' lang='lat' dir='ltr'><strong>mea</strong></span> <span class='ocrx_word' id='word_1_290' title='bbox 1010 4269 1137 4334; x_wconf 87' lang='lat' dir='ltr'><strong>collatio</strong></span> <span class='ocrx_word' id='word_1_291' title='bbox 1178 4269 1217 4334; x_wconf 91' lang='lat' dir='ltr'><strong>ad</strong></span> <span class='ocrx_word' id='word_1_292' title='bbox 1257 4290 1291 4358; x_wconf 89' lang='lat' dir='ltr'><strong>p.</strong></span> <span class='ocrx_word' id='word_1_293' title='bbox 1335 4273 1397 4337; x_wconf 81' lang='grc'><strong>62,</strong></span> 
     </span>
     <span class='ocr_line' id='line_1_34' title="bbox 206 4388 1399 4480; baseline -0.006 -23"><span class='ocrx_word' id='word_1_294' title='bbox 206 4391 321 4457; x_wconf 87' lang='lat' dir='ltr'><strong>Melius</strong></span> <span class='ocrx_word' id='word_1_295' title='bbox 344 4389 429 4454; x_wconf 86' lang='lat' dir='ltr'><strong>idem</strong></span> <span class='ocrx_word' id='word_1_296' title='bbox 450 4388 528 4454; x_wconf 86' lang='lat' dir='ltr'><strong>mihi</strong></span> <span class='ocrx_word' id='word_1_297' title='bbox 551 4388 639 4454; x_wconf 86' lang='lat' dir='ltr'><strong>dedit</strong></span> <span class='ocrx_word' id='word_1_298' title='bbox 661 4411 705 4454; x_wconf 78' lang='lat' dir='ltr'><strong>rs.</strong></span> <span class='ocrx_word' id='word_1_299' title='bbox 734 4393 775 4454; x_wconf 81' lang='lat'><strong>43</strong></span> <span class='ocrx_word' id='word_1_300' title='bbox 799 4389 893 4454; x_wconf 87' lang='lat' dir='ltr'><strong>huius</strong></span> <span class='ocrx_word' id='word_1_301' title='bbox 917 4391 1074 4480; x_wconf 65' lang='lat' dir='ltr'><strong>excerpti}</strong></span> <span class='ocrx_word' id='word_1_302' title='bbox 1102 4391 1160 4456; x_wconf 78' lang='grc' dir='ltr'><strong>ὑπὸ</strong></span> <span class='ocrx_word' id='word_1_303' title='bbox 1185 4391 1217 4456; x_wconf 81' lang='grc' dir='ltr'><strong>δὲ</strong></span> <span class='ocrx_word' id='word_1_304' title='bbox 1239 4395 1295 4456; x_wconf 80' lang='grc' dir='ltr'><em>ποῦ</em></span> <span class='ocrx_word' id='word_1_305' title='bbox 1318 4391 1399 4470; x_wconf 80' lang='grc' dir='ltr'><em>πρὸς</em></span> 
     </span>
     <span class='ocr_line' id='line_1_35' title="bbox 206 4508 1399 4599; baseline -0.01 -12"><span class='ocrx_word' id='word_1_306' title='bbox 206 4510 276 4581; x_wconf 68' lang='grc' dir='ltr'><em>τοὺς</em></span> <span class='ocrx_word' id='word_1_307' title='bbox 311 4508 507 4592; x_wconf 74' lang='grc' dir='ltr'><em>ότνκνκότοο</em></span> <span class='ocrx_word' id='word_1_308' title='bbox 531 4508 631 4573; x_wconf 65' lang='lat' dir='ltr'><strong>tadeo</strong></span> <span class='ocrx_word' id='word_1_309' title='bbox 662 4532 719 4598; x_wconf 87' lang='lat' dir='ltr'><strong>pro</strong></span> <span class='ocrx_word' id='word_1_310' title='bbox 743 4509 879 4582; x_wconf 76' lang='grc' dir='ltr'><em>ἐλέους,</em></span> <span class='ocrx_word' id='word_1_311' title='bbox 903 4533 985 4599; x_wconf 84' lang='lat' dir='ltr'><strong>quae</strong></span> <span class='ocrx_word' id='word_1_312' title='bbox 1015 4509 1116 4575; x_wconf 85' lang='lat' dir='ltr'><strong>forma</strong></span> <span class='ocrx_word' id='word_1_313' title='bbox 1139 4533 1203 4576; x_wconf 88' lang='lat' dir='ltr'><strong>non</strong></span> <span class='ocrx_word' id='word_1_314' title='bbox 1228 4523 1274 4577; x_wconf 86' lang='lat' dir='ltr'><strong>est</strong></span> <span class='ocrx_word' id='word_1_315' title='bbox 1297 4511 1399 4577; x_wconf 87' lang='lat' dir='ltr'><strong>unius</strong></span> 
     </span>
     <span class='ocr_line' id='line_1_36' title="bbox 208 4629 1399 4718; baseline -0.001 -22"><span class='ocrx_word' id='word_1_316' title='bbox 208 4632 290 4696; x_wconf 91' lang='lat' dir='ltr'><strong>assis.</strong></span> <span class='ocrx_word' id='word_1_317' title='bbox 341 4633 394 4695; x_wconf 83' lang='lat' dir='ltr'><strong>Fr.</strong></span> <span class='ocrx_word' id='word_1_318' title='bbox 429 4629 506 4696; x_wconf 80' lang='lat' dir='ltr'><strong>vrll</strong></span> <span class='ocrx_word' id='word_1_319' title='bbox 535 4652 632 4718; x_wconf 87' lang='lat' dir='ltr'><strong>prope</strong></span> <span class='ocrx_word' id='word_1_320' title='bbox 660 4629 729 4697; x_wconf 91' lang='lat' dir='ltr'><strong>Iiu.:</strong></span> <span class='ocrx_word' id='word_1_321' title='bbox 764 4637 857 4713; x_wconf 78' lang='grc' dir='ltr'><em>πνρῶν</em></span> <span class='ocrx_word' id='word_1_322' title='bbox 881 4632 906 4695; x_wconf 89' lang='grc' dir='ltr'><strong>δ’</strong></span> <span class='ocrx_word' id='word_1_323' title='bbox 931 4631 1022 4696; x_wconf 76' lang='grc' dir='ltr'><em>αὐτὸν</em></span> <span class='ocrx_word' id='word_1_324' title='bbox 1045 4633 1074 4696; x_wconf 85' lang='grc' dir='ltr'><strong>ἐν</strong></span> <span class='ocrx_word' id='word_1_325' title='bbox 1097 4633 1238 4716; x_wconf 69' lang='grc' dir='ltr'><em>ἐλευθέρα</em></span> <span class='ocrx_word' id='word_1_326' title='bbox 1261 4638 1399 4717; x_wconf 70' lang='grc' dir='ltr'><em>Φακακῇ</em></span> 
     </span>
    </p>
   </div>
   <div class='ocr_carea' id='block_1_7' title="bbox 0 0 1480 5002">
    <p class='ocr_par' dir='ltr' id='par_1_8' title="bbox 0 0 1480 5002">
     <span class='ocr_line' id='line_1_37' title="bbox 0 0 1480 5002; baseline 0 0"><span class='ocrx_word' id='word_1_327' title='bbox 0 0 1480 5002; x_wconf 95' lang='lat' dir='ltr'><strong> </strong></span> 
     </span>
    </p>
   </div>
  </div>
 </body>
</html>
