2946 5014
511 455 745 504 susurrum.
1141 455 1191 503 Vll

71 611 165 704 expleo
186 609 346 694 lacunam,
371 619 407 682 ot
430 612 601 682 scribatur:
636 611 859 702 receperat
879 601 908 678 τ’
927 607 983 680 ἐπὶ
1004 603 1043 680 τὸ
1064 611 1194 678 δεῖπνον

70 733 123 799 rei.
156 733 313 800 Nimirum
348 739 410 800 tres
437 734 552 814 primae
588 730 722 815 syllabae
754 729 896 796 vocabuli
931 754 948 796 a
981 753 1027 794 me
1054 731 1190 794 restituti

71 855 273 932 procurrentes
295 851 326 914 in
351 871 433 914 oram
453 848 525 914 libri
547 849 703 914 sinistram
728 847 898 913 fefellerant
920 845 1052 912 Bekkeri
1077 846 1193 911 oculos.

70 965 217 1048 Scriptum
253 973 353 1030 sutem
388 971 435 1030 est
470 964 571 1030 literis
604 987 699 1052 prope
733 965 874 1031 evarridis
909 966 941 1028 in
981 963 1062 1028 bunc
1102 963 1194 1028 ferme

69 1081 195 1146 modurn:
226 1080 390 1173 ἐπτέρταί.
413 1080 518 1169 Vulgo
621 1081 677 1149 cot
704 1074 735 1146 c'
763 1079 820 1148 ἐστι’
842 1079 904 1146 act.
927 1081 1113 1144 Coniectura
1142 1103 1194 1144 ex-

70 1195 135 1281 pleri
158 1197 269 1262 lacuna
295 1203 415 1284 potest,
443 1220 532 1284 quam
550 1198 699 1262 neminem
717 1196 894 1262 observasse
919 1198 1011 1260 miror
1032 1219 1066 1260 vs
1100 1200 1195 1262 1142.

70 1315 179 1400 Nempe
189 1337 206 1379 e
218 1313 366 1379 Lamachi
383 1316 521 1380 oratione
534 1337 575 1380 vs.
590 1315 822 1389 lucu—1141,
831 1312 882 1378 cll.
894 1335 953 1378 uss.
966 1313 1195 1392 'ruat-1132,

71 1435 184 1516 apparet
208 1430 411 1518 Dicaeopolin
439 1430 571 1496 dixisse:

211 1605 250 1679 τὸ
273 1615 404 1682 δεῖπνον
423 1617 521 1704 αἴρου
542 1614 608 1702 (καὶ
628 1605 746 1700 βάδιζ’,
770 1603 798 1680 ul
819 1616 890 1696 παῖ,
914 1603 1038 1694 λαβών·

212 1725 327 1808 σίζει.
349 1719 525 1812 βαβαιάξ)·
548 1721 731 1812 σομττοτικᾶ
750 1719 791 1793 cd
812 1718 997 1816 πράγματα.

109 1903 160 1968 Vs.
186 1904 274 1970 1124
289 1927 344 1992 pro
367 1896 594 1992 γοργόνωτον
616 1928 719 1972 verum
743 1904 866 1972 videtur
881 1893 1123 1992 γοργόνωτον;
1145 1903 1194 1968 cui

70 2019 207 2086 vocabulo
231 2020 366 2086 exitialis
389 2021 449 2086 luit
470 2023 682 2108 paronomasia
707 2045 751 2087 vs.
774 2044 820 2107 sq.
842 2021 873 2084 in
897 2009 1085 2108 τυρόνωτον.
1121 2019 1194 2084 Non

70 2135 161 2200 minus
180 2143 263 2202 certa
280 2147 311 2202 et
327 2136 502 2222 corruptela
520 2143 550 2202 et
569 2137 721 2203 medicina
740 2145 787 2204 est
811 2138 932 2208 Ecurr.
957 2157 999 2199 vs.
1025 2135 1105 2199 193:
1129 2124 1198 2202 ἀλλ’

70 2245 111 2324 εἰς
128 2239 243 2338 ἀμαθῆ
263 2249 316 2314 καὶ
337 2244 497 2338 βδελυρὸν
518 2243 621 2340 ήκει·
643 2245 689 2340 μή
710 2251 823 2340 παρῇς
838 2249 902 2318 aad.
924 2271 980 2337 pro
1000 2241 1099 2320 ἀλλά
1120 2247 1197 2312 male

20 2403 21 2428 ;
70 2366 189 2449 repetito
205 2387 278 2432 eus.
290 2366 393 2430 initio.
401 2365 482 2430 Ibid.
496 2388 538 2432 vs.
548 2369 614 2433 524
626 2366 696 2454 lego
710 2389 718 2430 ι
735 2355 791 2432 oda
803 2355 956 2455 ἐξήρκεσε
967 2354 1197 2452 πρεσβύτης

20 2461 22 2506 ρ
79 2467 93 2492 n
144 2470 159 2494 ιι
254 2480 269 2494 0.
349 2470 355 2495 ι
485 2473 493 2495 a
725 2484 731 2495 .
788 2483 795 2495 .
971 2479 977 2491 ·
1057 2469 1065 2492 r
1116 2469 1125 2491 r

20 2507 22 2519 ν
70 2501 119 2556 ον,
140 2503 188 2544 οτι
207 2501 267 2546 του
290 2499 449 2546 σκωπτειν
471 2481 679 2571 απελείφθη,
705 2488 812 2548 erectis
835 2479 1010 2546 vocabulis:
1044 2475 1125 2544 αλλο
1144 2495 1197 2539 τε·

21 2609 23 2664 ι
69 2587 177 2656 desudo
199 2586 265 2657 ἐπὶ
286 2587 412 2682 γήρως
434 2583 478 2658 od
500 2587 574 2682 yoip
596 2588 655 2683 ἐφ’
675 2589 774 2684 ἥβης
794 2591 970 2685 ἐξεβλήθη,
992 2594 1197 2680 quippequoe

21 2667 23 2706 ⁵
71 2700 175 2788 duplici
204 2705 362 2772 offendant
397 2707 578 2795 tautologia.
605 2711 774 2796 Sequentia
808 2709 1001 2798 intelligam,
1034 2711 1059 2773 si
1092 2709 1197 2794 poetae

71 2839 168 2886 manus
190 2822 286 2887 luerit
306 2821 392 2888 haec:

599 3001 636 3084 ὃς
658 3011 775 3095 πολλῷ
795 3010 850 3099 plui
872 3009 943 3074 τῶν
964 3007 1147 3075 ἐπινοιῶν

23 3063 25 3120 ι
104 3107 155 3180 deci
175 3117 241 3180 τῶν
261 3108 392 3206 ἀφελῶν
411 3113 536 3186 nedibus
557 3115 648 3210 ἔρρει
670 3119 733 3188 aad.

24 3327 26 3394 t
69 3288 113 3353 ubi
136 3291 251 3378 absque
272 3315 363 3360 sensu
382 3295 543 3382 vulgatur:
568 3287 606 3372 ὃς
627 3297 743 3382 πολλῷ
770 3288 916 3386 ῥεύσας
941 3291 1025 3362 ποτ’
1049 3289 1197 3375 ἐπαὶνῳ
1248 3351 1252 3360 .

69 3427 123 3468 dli.

105 3518 224 3585 Ibidem
247 3543 289 3588 vs.
313 3529 397 3589 598:

161 3677 243 3751 cillo}
263 3680 322 3753 cciv
342 3691 383 3779 τῇ
404 3691 446 3780 γῇ
464 3691 522 3774 μὲν
544 3684 650 3760 αὐτῶν
672 3683 743 3759 οὐκ
765 3683 862 3780 ἄγαν
883 3680 1110 3774 θαυμάζομεν,

163 3819 208 3872 ως
231 3823 270 3865 οτ
301 3799 334 3877 ἐς
356 3803 419 3870 aab.

26 3921 27 3958 l

26 3959 28 4088 ή
69 3977 303 4058 exspectaveram
328 3967 368 4042 ου’
388 3966 527 4060 τόσον,
548 3987 579 4046 et
603 4003 647 4048 vs.
660 3981 725 4046 603
746 3981 850 4048 nullus
867 3980 985 4058 dubito,
1002 3981 1077 4063 quin
1094 3999 1197 4042 verum

68 4090 112 4151 sit:
139 4086 282 4175 ληπτέον
302 4083 425 4172 μᾶλλον
444 4117 495 4174 τι,
521 4083 685 4180 ὦνδρες·
709 4086 768 4160 οὐκ
787 4093 877 4182 ἐλᾷς,
899 4082 926 4160 ὦ
947 4084 1123 4181 σαμφόρα;
1145 4091 1197 4158 ubi

27 4229 28 4296 η
69 4203 143 4268 lorus
180 4225 244 4268 oon
278 4211 326 4269 est
352 4207 500 4274 formulae
538 4209 701 4274 dubitandi
724 4205 762 4272 τί
784 4207 950 4296 δρῶμεν·
973 4229 1050 4292 quae
1084 4212 1131 4272 est
1164 4208 1195 4271 in

27 4297 29 4388 l
69 4320 202 4408 vulgatis.
228 4317 282 4386 Vs.
306 4325 392 4388 664:

28 4543 31 4630 l

29 4631 31 4720 l

29 4815 31 4904 l

30 4913 32 4975 ι
