2990 5012
668 461 707 526 17

126 656 303 748 quentibus
322 653 485 724 vocabulis
508 655 563 722 δυ’
579 660 653 738 ὁρῶ.
681 648 757 718 Vide
778 672 853 718 που]
873 651 953 719 sorte
974 651 1180 720 scribendum
1197 649 1253 722 sit:

129 783 255 859 θεσμῶν
269 776 329 852 ε”ξω
346 773 481 866 φέρομαι
498 770 712 854 μαλερῶν,
735 766 752 832 ἰ.
778 787 805 833 e.
825 767 1075 845 rrabemeatium,
1088 769 1253 854 pravium.

172 887 215 953 lb.
239 907 285 954 vs.
311 887 393 952 834.
441 885 526 950 ἀλλὰ
550 893 626 959 deoc
650 911 700 950 τοι
726 889 779 948 καλ
808 891 1058 966 θεογεννής,

366 1005 370 1014 “
438 1007 528 1083 ἡμεῖς
554 1002 586 1064 δι’
612 1003 722 1084 βροτοὶ
749 1003 803 1063 καλ
829 1008 1051 1084 θνητογενεῖς.

173 1121 352 1197 Θεογεννής
378 1131 435 1199 pro
461 1121 614 1195 θεογενης
638 1119 670 1176 et
695 1109 809 1176 similia
835 1131 900 1177 non
925 1111 986 1178 nisi
1012 1109 1092 1178 seris
1116 1109 1254 1178 Graeco·

127 1247 201 1293 rum
216 1226 390 1315 nepotibus
408 1223 614 1291 concedenda
632 1233 725 1302 sunl,
751 1225 837 1311 quod
856 1245 920 1292 non
942 1224 1034 1292 latuit
1056 1224 1251 1302 Nouellum,

127 1341 184 1429 qui
217 1339 415 1428 suspicatur:
448 1340 532 1406 ἀλλὰ
569 1345 642 1418 θεὸς
675 1367 724 1406 τοι
761 1346 851 1408 θείου
884 1371 916 1408 τε
941 1345 1069 1424 γε’νους.
1118 1340 1254 1408 Leniore

127 1475 222 1522 manu
248 1452 447 1521 correxeris:

393 1569 477 1634 αλλὰ
504 1577 576 1643 θεὸς
601 1595 649 1634 τοι
675 1574 729 1634 καλ
755 1571 975 1652 διογενής,

124 1683 400 1771 quemadmodum
433 1680 614 1750 rectissime
648 1679 710 1747 diei
737 1680 846 1769 potuit
870 1681 988 1760 Niobe,
1018 1681 1138 1770 quippe
1162 1681 1255 1748 ouius

123 1819 202 1866 arus
226 1798 323 1865 luerit
343 1797 479 1886 iupiter.
511 1797 596 1863 llaee
622 1795 767 1863 scribens
791 1795 853 1862 iam
878 1795 1048 1882 Rerglium
1074 1794 1160 1872 idem
1177 1817 1253 1863 eon-

123 1895 368 1980 ieeisse'video.
416 1909 555 1980 Omnino
591 1931 666 1978 vero
692 1909 964 1999 improbandum,
994 1910 1082 1996 quod
1106 1929 1145 1976 ex
1169 1909 1255 1977 Wie-

126 2025 222 2094 seleri
247 2026 432 2094 coniectura
457 2025 580 2114 recepit
612 2025 746 2116 Seyffert
776 2037 954 2110 θειογενής,
982 2025 1174 2092 vocabulum
1200 2039 1254 2093 roo

126 2155 270 2230 πονηροῦ
295 2153 464 2228 κόμματος,
493 2142 579 2231 quod
605 2163 641 2208 er
668 2140 750 2209 solis
769 2139 966 2208 carminibus
990 2131 1165 2228 Sibyllinis
1180 2157 1254 2226 pro-

128 2267 283 2334 tractum,
309 2275 416 2344 neque
440 2255 536 2324 babet
560 2255 592 2322 in
617 2255 801 2343 antiquiore
826 2253 1004 2322 Graecitate
1028 2253 1174 2340 analoga.

174 2369 217 2436 lb.
243 2372 324 2436 961:
351 2383 456 2449 κεῖνος
480 2373 606 2454 ε’πὲγνω
625 2377 759 2456 μανίαις

351 2494 483 2571 ψαύων
509 2492 564 2552 τὸν
591 2491 668 2553 θεὸν
694 2490 728 2552 ἐν
754 2489 931 2570 κερτομίοις
955 2485 1126 2567 γλώσσαις.

173 2596 314 2666 Verbum
339 2609 458 2684 ψαύειν
482 2609 570 2666 reete
594 2597 684 2686 iungi
708 2619 782 2666 cum
807 2597 997 2666 accusativo
1021 2597 1099 2664 mibi
1123 2597 1253 2686 quidem

127 2733 194 2782 non
229 2713 392 2803 persuasit
416 2713 550 2804 Seyffert
574 2717 614 2783 ad
639 2737 684 2782 vs.
710 2719 783 2783 857.
831 2715 869 2782 m
894 2715 941 2782 lae
966 2713 1056 2801 iungi
1073 2734 1183 2802 posse,
1203 2713 1252 2780 rel

129 2827 177 2896 sie
200 2839 308 2898 tamen
332 2849 397 2896 non
423 2828 536 2898 dubito
560 2829 719 2898 al'lrrmare
744 2829 814 2896 eins
838 2828 926 2896 verbi
951 2849 1047 2896 usum
1071 2849 1087 2896 a
1113 2848 1158 2894 vs.
1186 2830 1247 2894 961

128 2943 272 3012 alienum
305 2963 387 3012 esse.
436 2942 518 3021 Quid
544 2955 638 3031 poeta
662 2943 706 3011 ibi
732 2941 857 3011 dederit
882 2945 1013 3030 ignoro,
1039 2941 1095 3010 sed
1121 2941 1164 3008 nil
1188 2961 1255 3008 am·
1337 2985 1340 2996 ι

128 3058 216 3148 plius
239 3057 459 3148 requirerem,
484 3059 511 3126 si
534 3059 714 3147 legeretur:
1293 3048 1299 3063 ’

445 3181 630 3264 χραίνων
656 3183 712 3250 τὸν
739 3181 816 3242 θεὸν
843 3181 910 3242 aad.

175 3289 251 3356 Eur.
287 3289 379 3357 Herc.
415 3288 488 3356 Fur.
527 3292 608 3356 757:
642 3295 701 3370 Τίς
735 3296 752 3358 o'
787 3297 860 3368 θεὸς
889 3293 1009 3372 α’νομίᾳ
1044 3294 1253 3376 χραίνων,

130 3413 253 3493 θνητὸς
273 3410 317 3474 ιον
341 3413 507 3491 ἄφρονα
532 3407 658 3488 λόγον
678 3443 717 3454 -
737 3405 934 3490 κατέβαλ’,
960 3410 1007 3482 ὡς
1030 3399 1088 3488 ἄρ’
1113 3401 1254 3469 abaot-

131 3548 281 3589 νουσιν
312 3527 415 3586 θεολ

177 3633 220 3700 ih.
240 3637 303 3700 966
322 3653 412 3721 sqq:
442 3643 530 3718 παρὰ
555 3637 589 3702 δὲ
615 3637 761 3702 κυανέων
786 3633 987 3715 πελαγέων
1005 3632 1141 3715 διδύμας
1155 3629 1232 3706 ἁλὸς

442 3753 539 3818 darei
567 3757 749 3834 Βοσπόριαι
776 3749 817 3814 ἴδ’
842 3755 858 3816 o'
884 3752 1021 3834 Θρῃκῶν

444 3866 673 3950 Σαλμυδησός,
699 3869 743 3930 ἵν’
768 3862 960 3950 ἀγχίπτολις
985 3862 1093 3946 Ἤρης

447 3981 581 4047 δισσοῖσι
606 3979 779 4056 Φινείδαις

447 4091 531 4162 εἶδεν
555 4098 711 4177 riperto
736 4093 829 4168 ἐ’λκος
941 4159 943 4170 ⁴

448 4210 667 4291 τυφλωθὲν
694 4211 727 4286 ἐξ
750 4209 865 4290 οἷγρίας
890 4207 1050 4291 δάμαρτος

445 4325 565 4392 ολλαόν
589 4323 864 4408 ἀλαστόροισιν
887 4323 1036 4404 ὀμμάτων
1061 4317 1188 4394 κύκλοιςΙ

448 4441 621 4526 ἀραχθέν
647 4437 787 4525 ἔγχε’ων
810 4431 864 4516 ὑφ’
890 4438 1086 4520 αἱματηραῖς

444 4557 577 4644 χείρεσσι
601 4557 655 4618 καλ
682 4552 836 4652 κερκίδων
861 4551 1026 4632 α’κμαῖοιν.

1084 4661 1103 4728 2
