2944 5002
181 341 200 401 2
654 359 888 408 rnrnooucrro.

182 525 303 593 nitiouc
333 521 458 593 adiutus
491 540 610 594 certam
633 527 790 596 laboranti
812 526 967 597 vocabulo
991 523 1183 594 medicinam
1206 543 1369 615 compara·

181 670 260 714 rem.
312 627 403 734 Quod
434 662 539 715 autem
572 649 610 714 ad
642 651 796 716 eiusmodi
824 653 1024 716 inventorum
1049 647 1233 737 gloriolam,
1258 646 1283 710 si
1306 669 1371 735 qua

182 781 248 850 est,
293 773 422 849 attinet,
466 794 535 836 eam
570 771 787 836 lubentissime
818 771 974 859 integram
1013 767 1091 834 cedo
1123 768 1181 846 iis,
1219 767 1274 856 qui
1304 789 1370 831 non

181 890 322 981 inspecto
353 891 459 958 codice
489 893 583 982 primi
618 891 773 971 viderint,
803 891 879 980 quid
911 903 966 956 aut
993 911 1101 955 sensns
1129 900 1183 952 aut
1209 887 1370 954 Graecitas

181 1013 378 1101 requireret.'
418 1013 535 1079 Contra
566 1013 628 1078 leci
658 1014 691 1077 in
715 1012 917 1077 adnotatione
941 1011 1071 1089 critica,
1098 1009 1131 1073 in
1156 1031 1219 1098 qua
1243 1009 1269 1072 si
1293 1005 1372 1096 qnid

182 1156 200 1198 a
235 1157 286 1198 me
309 1135 460 1224 scripturn
485 1135 681 1214 invenietur,
715 1133 799 1222 quod
823 1135 886 1199 iam
911 1132 964 1198 alii
987 1131 1122 1197 viderint
1146 1142 1177 1196 et
1201 1128 1373 1194 adnotare·

182 1255 265 1334 rint,
291 1255 330 1318 ab
354 1254 552 1345 imprudente
574 1268 669 1344 atque
689 1255 787 1320 inscio
806 1254 926 1322 factum
946 1277 1033 1332 csse,
1055 1265 1124 1318 tuto
1142 1251 1218 1330 tibi,
1240 1247 1374 1316 candide

183 1374 303 1454 lector,
338 1375 551 1465 persuadebis.
601 1375 673 1442 Non
707 1377 732 1440 is
765 1398 855 1454 sum,
880 1375 935 1463 qui
960 1387 1015 1439 aut
1038 1373 1165 1439 laudem
1187 1385 1316 1462 captans
1338 1371 1374 1435 in

185 1517 277 1560 anem
307 1507 360 1559 aut
389 1496 466 1560 meis
492 1519 605 1585 parum
637 1495 775 1561 confisus
798 1494 915 1563 viribus
939 1495 1064 1584 ineptus
1088 1492 1235 1582 graculus
1259 1491 1373 1580 pennis

184 1639 236 1682 me
259 1639 417 1706 pavonum
441 1638 553 1682 ornare
577 1617 682 1683 velim.
732 1615 843 1682 Solum
866 1637 940 1680 aero
959 1627 991 1680 et
1011 1615 1144 1679 unicum
1164 1612 1258 1678 huius
1277 1635 1375 1702 opus·

186 1737 252 1804 culi
281 1738 447 1803 consilium
471 1737 532 1804 hoc
556 1751 622 1817 cst,
647 1750 683 1803 ut
705 1749 738 1804 et
761 1737 828 1826 ipsc
851 1759 908 1826 pro
933 1735 1014 1802 ririli
1037 1748 1126 1826 parte
1150 1733 1271 1824 aliquid
1295 1753 1374 1800 con·

186 1860 287 1925 feram
309 1859 347 1924 ad
371 1859 571 1925 emendatam
593 1859 763 1926 lectionem
786 1869 1005 1946 excerptorum
1032 1879 1069 1922 er
1094 1855 1251 1922 historicis
1275 1855 1376 1921 Grae·

188 1981 250 2058 cis,
277 2003 353 2070 quas
373 1982 506 2047 servavit
528 1981 619 2046 nobis
644 1979 844 2046 Constantini
868 1977 1139 2068 Porphyrogeneti
1162 1975 1302 2042 studium
1324 1987 1375 2040 at·

189 2125 251 2191 qne
284 2101 460 2190 diligentia.
517 2100 604 2166 llaec
634 2123 736 2189 pauca
767 2098 807 2164 de
837 2098 939 2164 libelli
968 2100 1033 2164 mei
1062 2099 1185 2164 ratione
1216 2109 1248 2164 et
1280 2118 1375 2184 scopo

189 2224 424 2313 praemonuisse
465 2222 612 2287 sufficiat.
660 2221 756 2286 Plura
794 2219 834 2286 de
875 2219 984 2286 codice
1028 2219 1182 2286 Vaticano
1224 2219 1377 2309 rescripto

191 2343 270 2408 scire
287 2343 449 2432 cupientes
473 2343 578 2432 relego
602 2341 642 2407 ad
665 2365 720 2421 ea,
746 2364 827 2431 quae
851 2339 1008 2431 disputari
1031 2341 1066 2406 in
1088 2339 1299 2407 dedicatione.
1336 2338 1376 2404 ln

191 2463 313 2530 edenda
344 2477 450 2530 antem
481 2463 669 2544 collatione,
701 2476 870 2554 postquam
901 2461 956 2527 din
986 2461 1189 2550 multumque
1212 2459 1376 2538 dubitari,

190 2607 232 2651 an
261 2607 428 2674 operarum
458 2607 585 2674 quoque
614 2585 688 2652 sitia
710 2583 884 2650 indicarem
908 2605 1029 2662 necne,
1054 2581 1196 2662 tandem,
1230 2581 1304 2670 qnia
1327 2603 1378 2646 res

190 2720 257 2774 erat
288 2705 379 2772 ralde
410 2705 551 2795 ambigui
581 2705 690 2772 iudicii
713 2719 834 2773 essetne
857 2704 970 2793 aliquis
993 2726 1081 2771 error
1098 2703 1248 2781 librario,
1270 2701 1376 2780 Maio,

192 2849 233 2892 an
261 2825 464 2916 typographis
494 2826 698 2907 tribuendus,
729 2826 830 2892 malni
856 2825 972 2891 nimiae
996 2823 1178 2914 diligentiae
1203 2845 1299 2911 quam
1321 2845 1378 2886 ne·

191 2948 361 3039 gligentiae
380 2948 537 3026 accusari,
558 2947 693 3036 ideoque
712 2971 822 3014 omnes
840 2967 961 3013 errores
970 2993 980 3024 ,
1002 2967 1080 3034 quos
1099 2945 1133 3010 in
1151 2943 1227 3010 Maii
1239 2941 1380 3009 editione

192 3071 276 3138 inter
310 3069 537 3137 conferendum
561 3067 851 3158 deprehenderem,
877 3089 1012 3156 quorum
1036 3065 1131 3157 culpa
1154 3063 1300 3130 librarius
1322 3086 1381 3128 ra-

195 3205 300 3271 caret,
326 3189 435 3257 sedulo
459 3189 539 3254 mihi
562 3188 729 3268 adnotari,
754 3201 786 3254 et
808 3209 896 3254 nnnc
919 3209 983 3253 una
1006 3209 1080 3256 cum
1103 3187 1214 3255 ceteris
1238 3206 1381 3252 commn-

193 3313 308 3382 nicabo
331 3333 405 3379 cum
427 3311 541 3376 harum
564 3332 670 3398 rerum
694 3309 849 3378 studiosis.
