<?xml version="1.0" encoding="UTF-8"?>
<!DOCTYPE html PUBLIC "-//W3C//DTD XHTML 1.0 Transitional//EN"
    "http://www.w3.org/TR/xhtml1/DTD/xhtml1-transitional.dtd">
<html xmlns="http://www.w3.org/1999/xhtml" xml:lang="en" lang="en">
 <head>
  <title>
</title>
<meta http-equiv="Content-Type" content="text/html;charset=utf-8" />
  <meta name='ocr-system' content='tesseract 3.04.00' />
  <meta name='ocr-capabilities' content='ocr_page ocr_carea ocr_par ocr_line ocrx_word'/>
</head>
<body>
  <div class='ocr_page' id='page_1' title='image "./exercitationesc02herwgoog/exercitationesc02herwgoog_0249.png"; bbox 0 0 2946 5014; ppageno 0'>
   <div class='ocr_carea' id='block_1_1' title="bbox 322 1283 1255 1512">
    <p class='ocr_par' dir='ltr' id='par_1_1' title="bbox 306 1283 1255 1534">
     <span class='ocr_line' id='line_1_1' title="bbox 322 1283 1255 1376; baseline 0.002 -4"><span class='ocrx_word' id='word_1_1' title='bbox 322 1283 623 1376; x_wconf 77' lang='lat' dir='ltr'><strong>Anuorluo</strong></span> <span class='ocrx_word' id='word_1_2' title='bbox 648 1283 721 1373; x_wconf 80' lang='lat' dir='ltr'><strong>an</strong></span> <span class='ocrx_word' id='word_1_3' title='bbox 746 1285 959 1376; x_wconf 76' lang='lat' dir='ltr'><strong>naxium</strong></span> <span class='ocrx_word' id='word_1_4' title='bbox 984 1283 1255 1374; x_wconf 73' lang='lat' dir='ltr'><strong>nuenario</strong></span> 
     </span>
     <span class='ocr_line' id='line_1_2' title="bbox 640 1421 925 1512; baseline 0.005 -1.381"><span class='ocrx_word' id='word_1_5' title='bbox 640 1421 925 1512; x_wconf 77' lang='lat' dir='ltr'><strong>ulricum.</strong></span> 
     </span>
    </p>
   </div>
   <div class='ocr_carea' id='block_1_2' title="bbox 717 1777 846 1806">
    <p class='ocr_par' dir='ltr' id='par_1_2' title="bbox 717 1777 846 1806">
     <span class='ocr_line' id='line_1_3' title="bbox 717 1777 846 1806; baseline 0 0"><span class='ocrx_word' id='word_1_6' title='bbox 717 1777 846 1806; x_wconf 50' lang='lat'><strong>*300⁴-</strong></span> 
     </span>
    </p>
   </div>
   <div class='ocr_carea' id='block_1_3' title="bbox 95 2083 1462 4698">
    <p class='ocr_par' dir='ltr' id='par_1_3' title="bbox 95 2083 1462 3496">
     <span class='ocr_line' id='line_1_4' title="bbox 231 2083 1462 2177; baseline 0.005 -27"><span class='ocrx_word' id='word_1_7' title='bbox 231 2083 349 2150; x_wconf 85' lang='lat' dir='ltr'><strong>Contra</strong></span> <span class='ocrx_word' id='word_1_8' title='bbox 371 2097 465 2172; x_wconf 88' lang='lat' dir='ltr'><strong>atque</strong></span> <span class='ocrx_word' id='word_1_9' title='bbox 490 2086 522 2149; x_wconf 91' lang='lat' dir='ltr'><strong>in</strong></span> <span class='ocrx_word' id='word_1_10' title='bbox 542 2085 635 2150; x_wconf 87' lang='lat' dir='ltr'><strong>huius</strong></span> <span class='ocrx_word' id='word_1_11' title='bbox 657 2085 799 2174; x_wconf 83' lang='lat' dir='ltr'><strong>opusculi</strong></span> <span class='ocrx_word' id='word_1_12' title='bbox 818 2086 1051 2152; x_wconf 79' lang='lat' dir='ltr'><strong>introductione</strong></span> <span class='ocrx_word' id='word_1_13' title='bbox 1073 2099 1261 2166; x_wconf 87' lang='lat' dir='ltr'><strong>statueram,</strong></span> <span class='ocrx_word' id='word_1_14' title='bbox 1282 2111 1379 2177; x_wconf 88' lang='lat' dir='ltr'><strong>prae·</strong></span> <span class='ocrx_word' id='word_1_15' title='bbox 1461 2121 1462 2176; x_wconf 70' lang='lat'>3</span> 
     </span>
     <span class='ocr_line' id='line_1_5' title="bbox 186 2181 1462 2299; baseline 0.004 -29"><span class='ocrx_word' id='word_1_16' title='bbox 186 2204 310 2270; x_wconf 86' lang='lat' dir='ltr'><strong>cedenti</strong></span> <span class='ocrx_word' id='word_1_17' title='bbox 342 2204 445 2292; x_wconf 85' lang='lat' dir='ltr'><strong>capite</strong></span> <span class='ocrx_word' id='word_1_18' title='bbox 477 2204 658 2293; x_wconf 82' lang='lat' dir='ltr'><strong>complexus</strong></span> <span class='ocrx_word' id='word_1_19' title='bbox 687 2227 756 2270; x_wconf 90' lang='lat' dir='ltr'><strong>sum</strong></span> <span class='ocrx_word' id='word_1_20' title='bbox 785 2204 885 2270; x_wconf 81' lang='lat' dir='ltr'><strong>rimul-</strong></span> <span class='ocrx_word' id='word_1_21' title='bbox 902 2207 1028 2284; x_wconf 89' lang='lat' dir='ltr'><strong>omnia,</strong></span> <span class='ocrx_word' id='word_1_22' title='bbox 1055 2209 1192 2295; x_wconf 82' lang='lat' dir='ltr'><strong>quaein</strong></span> <span class='ocrx_word' id='word_1_23' title='bbox 1217 2207 1377 2299; x_wconf 83' lang='lat' dir='ltr'><strong>Dexippi,</strong></span> <span class='ocrx_word' id='word_1_24' title='bbox 1461 2181 1462 2250; x_wconf 42' lang='lat' dir='ltr'><strong>i</strong></span> 
     </span>
     <span class='ocr_line' id='line_1_6' title="bbox 184 2323 1462 2422; baseline 0.003 -32"><span class='ocrx_word' id='word_1_25' title='bbox 184 2323 351 2390; x_wconf 83' lang='lat' dir='ltr'><strong>Menandri</strong></span> <span class='ocrx_word' id='word_1_26' title='bbox 385 2335 417 2389; x_wconf 83' lang='lat' dir='ltr'><strong>et</strong></span> <span class='ocrx_word' id='word_1_27' title='bbox 454 2323 592 2413; x_wconf 76' lang='lat' dir='ltr'><strong>Appiani</strong></span> <span class='ocrx_word' id='word_1_28' title='bbox 628 2337 771 2422; x_wconf 74' lang='lat' dir='ltr'><strong>ercerpta</strong></span> <span class='ocrx_word' id='word_1_29' title='bbox 809 2325 962 2390; x_wconf 85' lang='lat' dir='ltr'><strong>Vaticana</strong></span> <span class='ocrx_word' id='word_1_30' title='bbox 993 2349 1010 2392; x_wconf 89' lang='lat' dir='ltr'><strong>e</strong></span> <span class='ocrx_word' id='word_1_31' title='bbox 1041 2326 1150 2392; x_wconf 85' lang='lat' dir='ltr'><strong>codice</strong></span> <span class='ocrx_word' id='word_1_32' title='bbox 1181 2328 1380 2417; x_wconf 88' lang='lat' dir='ltr'><strong>palimpsesti</strong></span> <span class='ocrx_word' id='word_1_33' title='bbox 1461 2331 1462 2372; x_wconf 54' lang='lat' dir='ltr'><strong>l</strong></span> 
     </span>
     <span class='ocr_line' id='line_1_7' title="bbox 183 2443 1379 2532; baseline 0.004 -22"><span class='ocrx_word' id='word_1_34' title='bbox 183 2445 324 2522; x_wconf 85' lang='lat' dir='ltr'><strong>enotavi,</strong></span> <span class='ocrx_word' id='word_1_35' title='bbox 357 2444 389 2508; x_wconf 90' lang='lat' dir='ltr'><strong>in</strong></span> <span class='ocrx_word' id='word_1_36' title='bbox 414 2443 475 2508; x_wconf 92' lang='lat' dir='ltr'><strong>hoc</strong></span> <span class='ocrx_word' id='word_1_37' title='bbox 497 2445 600 2532; x_wconf 83' lang='lat' dir='ltr'><strong>capite</strong></span> <span class='ocrx_word' id='word_1_38' title='bbox 624 2465 696 2510; x_wconf 86' lang='lat' dir='ltr'><strong>curn</strong></span> <span class='ocrx_word' id='word_1_39' title='bbox 721 2444 837 2510; x_wconf 83' lang='lat' dir='ltr'><strong>lectore</strong></span> <span class='ocrx_word' id='word_1_40' title='bbox 862 2445 1153 2511; x_wconf 85' lang='lat' dir='ltr'><strong>communicaturus</strong></span> <span class='ocrx_word' id='word_1_41' title='bbox 1177 2449 1379 2515; x_wconf 83' lang='lat' dir='ltr'><strong>coniecturas</strong></span> 
     </span>
     <span class='ocr_line' id='line_1_8' title="bbox 182 2563 1377 2654; baseline 0.003 -24"><span class='ocrx_word' id='word_1_42' title='bbox 182 2564 370 2642; x_wconf 86' lang='lat' dir='ltr'><strong>nonnullas,</strong></span> <span class='ocrx_word' id='word_1_43' title='bbox 403 2564 517 2653; x_wconf 89' lang='lat' dir='ltr'><strong>quibus</strong></span> <span class='ocrx_word' id='word_1_44' title='bbox 549 2563 632 2630; x_wconf 90' lang='lat' dir='ltr'><strong>locos</strong></span> <span class='ocrx_word' id='word_1_45' title='bbox 665 2563 838 2652; x_wconf 88' lang='lat' dir='ltr'><strong>quosdam,</strong></span> <span class='ocrx_word' id='word_1_46' title='bbox 870 2587 907 2630; x_wconf 82' lang='lat' dir='ltr'><strong>cx</strong></span> <span class='ocrx_word' id='word_1_47' title='bbox 931 2585 1053 2654; x_wconf 74' lang='lat' dir='ltr'><strong>magno</strong></span> <span class='ocrx_word' id='word_1_48' title='bbox 1084 2565 1377 2648; x_wconf 74' lang='lat' dir='ltr'><strong>numero&#39;eorum,</strong></span> 
     </span>
     <span class='ocr_line' id='line_1_9' title="bbox 182 2683 1379 2777; baseline 0.003 -27"><span class='ocrx_word' id='word_1_49' title='bbox 182 2688 237 2775; x_wconf 90' lang='lat' dir='ltr'><strong>qui</strong></span> <span class='ocrx_word' id='word_1_50' title='bbox 269 2683 426 2774; x_wconf 79' lang='lat' dir='ltr'><strong>hodieque</strong></span> <span class='ocrx_word' id='word_1_51' title='bbox 457 2697 511 2749; x_wconf 86' lang='lat' dir='ltr'><strong>aut</strong></span> <span class='ocrx_word' id='word_1_52' title='bbox 541 2686 573 2749; x_wconf 93' lang='lat' dir='ltr'><strong>in</strong></span> <span class='ocrx_word' id='word_1_53' title='bbox 604 2685 671 2774; x_wconf 88' lang='lat' dir='ltr'><strong>ipso</strong></span> <span class='ocrx_word' id='word_1_54' title='bbox 702 2684 810 2750; x_wconf 89' lang='lat' dir='ltr'><strong>codice</strong></span> <span class='ocrx_word' id='word_1_55' title='bbox 834 2687 974 2773; x_wconf 83' lang='lat' dir='ltr'><strong>corrupti</strong></span> <span class='ocrx_word' id='word_1_56' title='bbox 995 2683 1142 2774; x_wconf 79' lang='lat' dir='ltr'><strong>legantur</strong></span> <span class='ocrx_word' id='word_1_57' title='bbox 1164 2700 1221 2752; x_wconf 88' lang='lat' dir='ltr'><strong>aut</strong></span> <span class='ocrx_word' id='word_1_58' title='bbox 1243 2701 1379 2777; x_wconf 87' lang='lat' dir='ltr'><strong>propter</strong></span> 
     </span>
     <span class='ocr_line' id='line_1_10' title="bbox 95 2803 1374 2896; baseline 0.003 -24"><span class='ocrx_word' id='word_1_59' title='bbox 95 2851 98 2858; x_wconf 38' lang='grc' dir='ltr'><strong><em>ι</em></strong></span> <span class='ocrx_word' id='word_1_60' title='bbox 180 2807 347 2896; x_wconf 87' lang='lat' dir='ltr'><strong>pessimam</strong></span> <span class='ocrx_word' id='word_1_61' title='bbox 375 2803 568 2894; x_wconf 85' lang='lat' dir='ltr'><strong>palimpsesti</strong></span> <span class='ocrx_word' id='word_1_62' title='bbox 588 2803 809 2874; x_wconf 74' lang='lat' dir='ltr'><strong>,conditionem</strong></span> <span class='ocrx_word' id='word_1_63' title='bbox 838 2817 955 2894; x_wconf 71' lang='lat' dir='ltr'><strong>neque·</strong></span> <span class='ocrx_word' id='word_1_64' title='bbox 976 2817 1061 2872; x_wconf 86' lang='lat' dir='ltr'><strong>reete</strong></span> <span class='ocrx_word' id='word_1_65' title='bbox 1085 2829 1101 2870; x_wconf 87' lang='lat' dir='ltr'><strong>a</strong></span> <span class='ocrx_word' id='word_1_66' title='bbox 1127 2806 1211 2872; x_wconf 82' lang='lat' dir='ltr'><strong>Maio</strong></span> <span class='ocrx_word' id='word_1_67' title='bbox 1234 2806 1374 2876; x_wconf 85' lang='lat' dir='ltr'><strong>describi</strong></span> 
     </span>
     <span class='ocr_line' id='line_1_11' title="bbox 181 2899 1462 3019; baseline 0.004 -29"><span class='ocrx_word' id='word_1_68' title='bbox 181 2947 286 3014; x_wconf 90' lang='lat' dir='ltr'><strong>neque</strong></span> <span class='ocrx_word' id='word_1_69' title='bbox 299 2901 334 2988; x_wconf 32' lang='lat' dir='ltr'><strong>&#39;a</strong></span> <span class='ocrx_word' id='word_1_70' title='bbox 361 2947 413 2990; x_wconf 87' lang='lat' dir='ltr'><strong>me</strong></span> <span class='ocrx_word' id='word_1_71' title='bbox 444 2923 586 2990; x_wconf 84' lang='lat' dir='ltr'><strong>codie&#39;cm</strong></span> <span class='ocrx_word' id='word_1_72' title='bbox 617 2923 721 2990; x_wconf 91' lang='lat' dir='ltr'><strong>denuo</strong></span> <span class='ocrx_word' id='word_1_73' title='bbox 752 2935 969 3014; x_wconf 80' lang='lat' dir='ltr'><strong>perscrutante</strong></span> <span class='ocrx_word' id='word_1_74' title='bbox 1001 2925 1116 2992; x_wconf 87' lang='lat' dir='ltr'><strong>rectius</strong></span> <span class='ocrx_word' id='word_1_75' title='bbox 1139 2899 1287 2994; x_wconf 81' lang='lat' dir='ltr'><strong>constitui</strong></span> <span class='ocrx_word' id='word_1_76' title='bbox 1310 2953 1375 3019; x_wconf 87' lang='lat' dir='ltr'><strong>po·</strong></span> <span class='ocrx_word' id='word_1_77' title='bbox 1461 2967 1462 3010; x_wconf 77' lang='lat'>3</span> 
     </span>
     <span class='ocr_line' id='line_1_12' title="bbox 181 3019 1375 3133; baseline 0.003 -22"><span class='ocrx_word' id='word_1_78' title='bbox 181 3045 319 3122; x_wconf 86' lang='lat' dir='ltr'><strong>tuerint,</strong></span> <span class='ocrx_word' id='word_1_79' title='bbox 351 3043 558 3133; x_wconf 78' lang='lat' dir='ltr'><strong>probabiliter</strong></span> <span class='ocrx_word' id='word_1_80' title='bbox 588 3019 724 3110; x_wconf 75' lang='lat' dir='ltr'><strong>tentasse</strong></span> <span class='ocrx_word' id='word_1_81' title='bbox 756 3043 835 3110; x_wconf 90' lang='lat' dir='ltr'><strong>mihi</strong></span> <span class='ocrx_word' id='word_1_82' title='bbox 862 3043 978 3110; x_wconf 76' lang='lat' dir='ltr'><strong>videor.</strong></span> <span class='ocrx_word' id='word_1_83' title='bbox 1027 3043 1148 3111; x_wconf 75' lang='lat' dir='ltr'><strong>Mutari</strong></span> <span class='ocrx_word' id='word_1_84' title='bbox 1169 3057 1275 3112; x_wconf 84' lang='lat' dir='ltr'><strong>autem</strong></span> <span class='ocrx_word' id='word_1_85' title='bbox 1299 3047 1375 3116; x_wconf 92' lang='lat' dir='ltr'><strong>ideo</strong></span> 
     </span>
     <span class='ocr_line' id='line_1_13' title="bbox 179 3163 1375 3256; baseline 0.004 -25"><span class='ocrx_word' id='word_1_86' title='bbox 179 3168 266 3256; x_wconf 90' lang='lat' dir='ltr'><strong>prius</strong></span> <span class='ocrx_word' id='word_1_87' title='bbox 300 3165 486 3245; x_wconf 85' lang='lat' dir='ltr'><strong>eonsilium,</strong></span> <span class='ocrx_word' id='word_1_88' title='bbox 524 3163 608 3254; x_wconf 93' lang='lat' dir='ltr'><strong>quod</strong></span> <span class='ocrx_word' id='word_1_89' title='bbox 643 3166 676 3228; x_wconf 93' lang='lat' dir='ltr'><strong>in</strong></span> <span class='ocrx_word' id='word_1_90' title='bbox 714 3165 850 3254; x_wconf 75' lang='lat' dir='ltr'><strong>Appiani</strong></span> <span class='ocrx_word' id='word_1_91' title='bbox 885 3177 1030 3254; x_wconf 85' lang='lat' dir='ltr'><strong>excerpta</strong></span> <span class='ocrx_word' id='word_1_92' title='bbox 1067 3187 1148 3254; x_wconf 87' lang='lat' dir='ltr'><strong>quae</strong></span> <span class='ocrx_word' id='word_1_93' title='bbox 1182 3169 1375 3256; x_wconf 86' lang='lat' dir='ltr'><strong>paucissima</strong></span> 
     </span>
     <span class='ocr_line' id='line_1_14' title="bbox 180 3283 1374 3377; baseline 0.002 -25"><span class='ocrx_word' id='word_1_94' title='bbox 180 3298 252 3353; x_wconf 90' lang='lat' dir='ltr'><strong>sunt</strong></span> <span class='ocrx_word' id='word_1_95' title='bbox 283 3285 383 3364; x_wconf 91' lang='lat' dir='ltr'><strong>nibil,</strong></span> <span class='ocrx_word' id='word_1_96' title='bbox 408 3285 441 3350; x_wconf 87' lang='lat' dir='ltr'><strong>iu</strong></span> <span class='ocrx_word' id='word_1_97' title='bbox 464 3283 630 3366; x_wconf 81' lang='lat' dir='ltr'><strong>Menandri</strong></span> <span class='ocrx_word' id='word_1_98' title='bbox 654 3283 830 3373; x_wconf 76' lang='lat' dir='ltr'><strong>fragmenta</strong></span> <span class='ocrx_word' id='word_1_99' title='bbox 856 3285 1009 3350; x_wconf 83' lang='lat' dir='ltr'><strong>Vaticana</strong></span> <span class='ocrx_word' id='word_1_100' title='bbox 1032 3285 1133 3351; x_wconf 84' lang='lat' dir='ltr'><strong>ferme</strong></span> <span class='ocrx_word' id='word_1_101' title='bbox 1156 3285 1257 3366; x_wconf 90' lang='lat' dir='ltr'><strong>nibil,</strong></span> <span class='ocrx_word' id='word_1_102' title='bbox 1284 3290 1374 3377; x_wconf 92' lang='lat' dir='ltr'><strong>quod</strong></span> 
     </span>
     <span class='ocr_line' id='line_1_15' title="bbox 179 3381 1462 3496; baseline -0.002 -24"><span class='ocrx_word' id='word_1_103' title='bbox 179 3421 289 3474; x_wconf 86' lang='lat' dir='ltr'><strong>notatu</strong></span> <span class='ocrx_word' id='word_1_104' title='bbox 313 3405 445 3496; x_wconf 77' lang='lat' dir='ltr'><strong>dignum</strong></span> <span class='ocrx_word' id='word_1_105' title='bbox 470 3405 645 3481; x_wconf 84' lang='lat' dir='ltr'><strong>videretur,</strong></span> <span class='ocrx_word' id='word_1_106' title='bbox 672 3404 921 3471; x_wconf 78' lang='lat' dir='ltr'><strong>observaveram.</strong></span> <span class='ocrx_word' id='word_1_107' title='bbox 1461 3381 1462 3400; x_wconf 28' lang='lat' dir='ltr'><strong>i</strong></span> 
     </span>
    </p>

    <p class='ocr_par' dir='ltr' id='par_1_4' title="bbox 110 3507 1462 4120">
     <span class='ocr_line' id='line_1_16' title="bbox 226 3507 1462 3617; baseline 0.001 -24"><span class='ocrx_word' id='word_1_108' title='bbox 226 3531 328 3615; x_wconf 80' lang='lat' dir='ltr'><strong>Quam</strong></span> <span class='ocrx_word' id='word_1_109' title='bbox 359 3527 554 3617; x_wconf 80' lang='lat' dir='ltr'><strong>paucissimis</strong></span> <span class='ocrx_word' id='word_1_110' title='bbox 589 3539 698 3615; x_wconf 86' lang='lat' dir='ltr'><strong>potero</strong></span> <span class='ocrx_word' id='word_1_111' title='bbox 739 3527 793 3610; x_wconf 88' lang='lat' dir='ltr'><strong>(ne</strong></span> <span class='ocrx_word' id='word_1_112' title='bbox 829 3527 862 3589; x_wconf 90' lang='lat' dir='ltr'><strong>iu</strong></span> <span class='ocrx_word' id='word_1_113' title='bbox 897 3527 1027 3590; x_wconf 89' lang='lat' dir='ltr'><strong>nimiam</strong></span> <span class='ocrx_word' id='word_1_114' title='bbox 1063 3527 1178 3592; x_wconf 88' lang='lat' dir='ltr'><strong>molem</strong></span> <span class='ocrx_word' id='word_1_115' title='bbox 1207 3526 1260 3592; x_wconf 93' lang='lat' dir='ltr'><strong>hic</strong></span> <span class='ocrx_word' id='word_1_116' title='bbox 1289 3528 1373 3595; x_wconf 90' lang='lat' dir='ltr'><strong>mihi</strong></span> <span class='ocrx_word' id='word_1_117' title='bbox 1461 3507 1462 3576; x_wconf 53' lang='lat'>3</span> 
     </span>
     <span class='ocr_line' id='line_1_17' title="bbox 178 3615 1370 3737; baseline -0.002 -21"><span class='ocrx_word' id='word_1_118' title='bbox 178 3647 303 3716; x_wconf 87' lang='lat' dir='ltr'><strong>libellus</strong></span> <span class='ocrx_word' id='word_1_119' title='bbox 334 3646 503 3734; x_wconf 82' lang='lat' dir='ltr'><strong>excrescat)</strong></span> <span class='ocrx_word' id='word_1_120' title='bbox 536 3645 678 3713; x_wconf 86' lang='lat' dir='ltr'><strong>tractabo</strong></span> <span class='ocrx_word' id='word_1_121' title='bbox 706 3668 758 3712; x_wconf 90' lang='lat' dir='ltr'><strong>eos</strong></span> <span class='ocrx_word' id='word_1_122' title='bbox 783 3645 915 3736; x_wconf 84' lang='lat' dir='ltr'><strong>Derippi</strong></span> <span class='ocrx_word' id='word_1_123' title='bbox 940 3615 1047 3724; x_wconf 55' lang='lat' dir='ltr'><strong>locos:</strong></span> <span class='ocrx_word' id='word_1_124' title='bbox 1071 3645 1185 3734; x_wconf 89' lang='lat' dir='ltr'><strong>quibus</strong></span> <span class='ocrx_word' id='word_1_125' title='bbox 1209 3645 1370 3737; x_wconf 86' lang='lat' dir='ltr'><strong>diploma·</strong></span> 
     </span>
     <span class='ocr_line' id='line_1_18' title="bbox 176 3766 1462 3858; baseline -0.001 -23"><span class='ocrx_word' id='word_1_126' title='bbox 176 3772 239 3835; x_wconf 89' lang='lat' dir='ltr'><strong>tioo</strong></span> <span class='ocrx_word' id='word_1_127' title='bbox 270 3767 424 3858; x_wconf 89' lang='lat' dir='ltr'><strong>praesidio</strong></span> <span class='ocrx_word' id='word_1_128' title='bbox 454 3767 630 3846; x_wconf 84' lang='lat' dir='ltr'><strong>destitutis,</strong></span> <span class='ocrx_word' id='word_1_129' title='bbox 663 3767 869 3832; x_wconf 86' lang='lat' dir='ltr'><strong>coniectando</strong></span> <span class='ocrx_word' id='word_1_130' title='bbox 902 3767 1035 3834; x_wconf 90' lang='lat' dir='ltr'><strong>salutem</strong></span> <span class='ocrx_word' id='word_1_131' title='bbox 1070 3766 1202 3834; x_wconf 83' lang='lat' dir='ltr'><strong>reddero</strong></span> <span class='ocrx_word' id='word_1_132' title='bbox 1234 3779 1369 3834; x_wconf 88' lang='lat' dir='ltr'><strong>conatus</strong></span> <span class='ocrx_word' id='word_1_133' title='bbox 1461 3821 1462 3844; x_wconf 30' lang='lat' dir='ltr'><strong>i</strong></span> 
     </span>
     <span class='ocr_line' id='line_1_19' title="bbox 176 3886 1367 3976; baseline 0 -22"><span class='ocrx_word' id='word_1_134' title='bbox 176 3913 256 3954; x_wconf 89' lang='lat' dir='ltr'><strong>sum.</strong></span> <span class='ocrx_word' id='word_1_135' title='bbox 305 3889 384 3955; x_wconf 89' lang='lat' dir='ltr'><strong>Utar</strong></span> <span class='ocrx_word' id='word_1_136' title='bbox 418 3887 522 3954; x_wconf 92' lang='lat' dir='ltr'><strong>denuo</strong></span> <span class='ocrx_word' id='word_1_137' title='bbox 558 3887 695 3952; x_wconf 92' lang='lat' dir='ltr'><strong>editione</strong></span> <span class='ocrx_word' id='word_1_138' title='bbox 731 3886 856 3952; x_wconf 86' lang='lat' dir='ltr'><strong>llulleri</strong></span> <span class='ocrx_word' id='word_1_139' title='bbox 892 3889 924 3952; x_wconf 93' lang='lat' dir='ltr'><strong>in</strong></span> <span class='ocrx_word' id='word_1_140' title='bbox 958 3887 1018 3952; x_wconf 83' lang='lat' dir='ltr'><strong>vol.</strong></span> <span class='ocrx_word' id='word_1_141' title='bbox 1046 3886 1095 3953; x_wconf 91' lang='lat' dir='ltr'><strong>lll</strong></span> <span class='ocrx_word' id='word_1_142' title='bbox 1127 3887 1254 3976; x_wconf 77' lang='lat' dir='ltr'><strong>Fragm.</strong></span> <span class='ocrx_word' id='word_1_143' title='bbox 1280 3886 1367 3954; x_wconf 86' lang='lat' dir='ltr'><strong>Hist.</strong></span> 
     </span>
     <span class='ocr_line' id='line_1_20' title="bbox 110 3987 580 4120; baseline -0.002 -45"><span class='ocrx_word' id='word_1_144' title='bbox 110 3987 113 3994; x_wconf 71' lang='lat'>‚</span> <span class='ocrx_word' id='word_1_145' title='bbox 176 4011 287 4120; x_wconf 66' lang='lat' dir='ltr'><strong>Grapo.</strong></span> <span class='ocrx_word' id='word_1_146' title='bbox 315 4033 346 4098; x_wconf 93' lang='lat' dir='ltr'><strong>p.</strong></span> <span class='ocrx_word' id='word_1_147' title='bbox 374 4011 439 4074; x_wconf 85' lang='grc'><strong>669</strong></span> <span class='ocrx_word' id='word_1_148' title='bbox 464 4031 533 4097; x_wconf 89' lang='lat' dir='ltr'><strong>sqq.</strong></span> <span class='ocrx_word' id='word_1_149' title='bbox 575 3987 580 3996; x_wconf 39' lang='lat'>⁸</span> 
     </span>
    </p>

    <p class='ocr_par' dir='ltr' id='par_1_5' title="bbox 173 4127 1462 4698">
     <span class='ocr_line' id='line_1_21' title="bbox 220 4127 1370 4219; baseline -0.001 -24"><span class='ocrx_word' id='word_1_150' title='bbox 220 4131 295 4219; x_wconf 76' lang='lat' dir='ltr'><strong>Peg.</strong></span> <span class='ocrx_word' id='word_1_151' title='bbox 323 4132 426 4206; x_wconf 74' lang='lat'><strong>669⁰,</strong></span> <span class='ocrx_word' id='word_1_152' title='bbox 451 4151 495 4194; x_wconf 72' lang='lat' dir='ltr'><strong>ss.</strong></span> <span class='ocrx_word' id='word_1_153' title='bbox 524 4135 562 4194; x_wconf 88' lang='lat'><strong>5:</strong></span> <span class='ocrx_word' id='word_1_154' title='bbox 591 4129 761 4193; x_wconf 68' lang='grc' dir='ltr'><strong><em>καταλύειν</em></strong></span> <span class='ocrx_word' id='word_1_155' title='bbox 785 4129 819 4192; x_wconf 82' lang='lat' dir='ltr'><strong>si</strong></span> <span class='ocrx_word' id='word_1_156' title='bbox 828 4152 842 4199; x_wconf 85' lang='grc' dir='ltr'><em>ς</em></span> <span class='ocrx_word' id='word_1_157' title='bbox 868 4127 1012 4191; x_wconf 70' lang='grc' dir='ltr'><strong><em>ἑαυτὸν</em></strong></span> <span class='ocrx_word' id='word_1_158' title='bbox 1035 4129 1090 4202; x_wconf 72' lang='grc' dir='ltr'><strong>τὴν</strong></span> <span class='ocrx_word' id='word_1_159' title='bbox 1108 4129 1203 4202; x_wconf 63' lang='grc' dir='ltr'><strong>κοινὴν</strong></span> <span class='ocrx_word' id='word_1_160' title='bbox 1221 4127 1370 4194; x_wconf 72' lang='grc' dir='ltr'><strong>εὔκλειαν</strong></span> 
     </span>
     <span class='ocr_line' id='line_1_22' title="bbox 174 4246 1363 4344; baseline 0 -28"><span class='ocrx_word' id='word_1_161' title='bbox 174 4255 203 4344; x_wconf 70' lang='lat' dir='ltr'><strong>si</strong></span> <span class='ocrx_word' id='word_1_162' title='bbox 240 4255 284 4331; x_wconf 69' lang='lat' dir='ltr'><strong>ot</strong></span> <span class='ocrx_word' id='word_1_163' title='bbox 318 4253 359 4330; x_wconf 80' lang='grc' dir='ltr'><strong>τῷ</strong></span> <span class='ocrx_word' id='word_1_164' title='bbox 393 4253 550 4330; x_wconf 71' lang='grc' dir='ltr'><strong>συμβάντι</strong></span> <span class='ocrx_word' id='word_1_165' title='bbox 587 4249 747 4332; x_wconf 51' lang='lat' dir='ltr'><strong>dissolri.</strong></span> <span class='ocrx_word' id='word_1_166' title='bbox 798 4246 886 4334; x_wconf 81' lang='lat' dir='ltr'><strong>Quod</strong></span> <span class='ocrx_word' id='word_1_167' title='bbox 912 4246 950 4311; x_wconf 89' lang='lat' dir='ltr'><strong>ad</strong></span> <span class='ocrx_word' id='word_1_168' title='bbox 974 4248 1077 4336; x_wconf 90' lang='lat' dir='ltr'><strong>priora</strong></span> <span class='ocrx_word' id='word_1_169' title='bbox 1108 4248 1202 4314; x_wconf 82' lang='lat' dir='ltr'><strong>rerba</strong></span> <span class='ocrx_word' id='word_1_170' title='bbox 1228 4249 1363 4327; x_wconf 74' lang='lat' dir='ltr'><strong>attinbt‚</strong></span> 
     </span>
     <span class='ocr_line' id='line_1_23' title="bbox 174 4368 1367 4458; baseline -0.004 -21"><span class='ocrx_word' id='word_1_171' title='bbox 174 4373 315 4437; x_wconf 83' lang='lat' dir='ltr'><strong>conferas</strong></span> <span class='ocrx_word' id='word_1_172' title='bbox 348 4394 428 4458; x_wconf 88' lang='lat' dir='ltr'><strong>quae</strong></span> <span class='ocrx_word' id='word_1_173' title='bbox 465 4371 614 4457; x_wconf 77' lang='lat' dir='ltr'><strong>leguntur</strong></span> <span class='ocrx_word' id='word_1_174' title='bbox 647 4393 678 4457; x_wconf 91' lang='lat' dir='ltr'><strong>p.</strong></span> <span class='ocrx_word' id='word_1_175' title='bbox 717 4368 802 4432; x_wconf 82' lang='lat'><strong>680¹³</strong></span> <span class='ocrx_word' id='word_1_176' title='bbox 846 4393 885 4432; x_wconf 85' lang='lat' dir='ltr'><strong>vs.</strong></span> <span class='ocrx_word' id='word_1_177' title='bbox 927 4371 988 4431; x_wconf 87' lang='lat'><strong>10:</strong></span> <span class='ocrx_word' id='word_1_178' title='bbox 1033 4369 1071 4439; x_wconf 81' lang='grc' dir='ltr'><strong>ἐς</strong></span> <span class='ocrx_word' id='word_1_179' title='bbox 1112 4369 1290 4446; x_wconf 67' lang='grc' dir='ltr'><strong><em>ἐμαυτὸν</em></strong></span> <span class='ocrx_word' id='word_1_180' title='bbox 1318 4373 1367 4447; x_wconf 70' lang='grc' dir='ltr'><strong>μὴ</strong></span> 
     </span>
     <span class='ocr_line' id='line_1_24' title="bbox 174 4488 1364 4578; baseline 0.001 -24"><span class='ocrx_word' id='word_1_181' title='bbox 174 4496 431 4566; x_wconf 64' lang='lat' dir='ltr'><strong>aurasicensis</strong></span> <span class='ocrx_word' id='word_1_182' title='bbox 457 4490 572 4562; x_wconf 77' lang='grc' dir='ltr'><em>πόλεως</em></span> <span class='ocrx_word' id='word_1_183' title='bbox 596 4492 650 4563; x_wconf 72' lang='grc' dir='ltr'><strong>τὴν</strong></span> <span class='ocrx_word' id='word_1_184' title='bbox 675 4489 807 4566; x_wconf 71' lang='grc' dir='ltr'><strong>ἀξίωσιν.</strong></span> <span class='ocrx_word' id='word_1_185' title='bbox 858 4489 940 4553; x_wconf 91' lang='lat' dir='ltr'><strong>llinc</strong></span> <span class='ocrx_word' id='word_1_186' title='bbox 964 4488 1154 4554; x_wconf 76' lang='lat' dir='ltr'><strong>dubitaverit</strong></span> <span class='ocrx_word' id='word_1_187' title='bbox 1180 4491 1293 4578; x_wconf 86' lang='lat' dir='ltr'><strong>aliquis</strong></span> <span class='ocrx_word' id='word_1_188' title='bbox 1320 4513 1364 4556; x_wconf 89' lang='lat' dir='ltr'><strong>an</strong></span> 
     </span>
     <span class='ocr_line' id='line_1_25' title="bbox 173 4604 1360 4698; baseline 0 -24"><span class='ocrx_word' id='word_1_189' title='bbox 173 4622 256 4674; x_wconf 83' lang='lat' dir='ltr'><strong>reete</strong></span> <span class='ocrx_word' id='word_1_190' title='bbox 292 4610 453 4677; x_wconf 86' lang='lat' dir='ltr'><strong>emendata</strong></span> <span class='ocrx_word' id='word_1_191' title='bbox 491 4613 550 4686; x_wconf 79' lang='lat' dir='ltr'><strong>sint</strong></span> <span class='ocrx_word' id='word_1_192' title='bbox 588 4611 632 4698; x_wconf 90' lang='lat' dir='ltr'><strong>(p.</strong></span> <span class='ocrx_word' id='word_1_193' title='bbox 670 4604 754 4674; x_wconf 63' lang='lat' dir='ltr'><strong>dotti</strong></span> <span class='ocrx_word' id='word_1_194' title='bbox 783 4610 831 4694; x_wconf 83' lang='grc' dir='ltr'><strong>β’)</strong></span> <span class='ocrx_word' id='word_1_195' title='bbox 862 4609 977 4679; x_wconf 77' lang='lat' dir='ltr'><strong>rerba:</strong></span> <span class='ocrx_word' id='word_1_196' title='bbox 1014 4611 1064 4676; x_wconf 78' lang='lat' dir='ltr'><strong>noi</strong></span> <span class='ocrx_word' id='word_1_197' title='bbox 1091 4609 1237 4692; x_wconf 62' lang='grc' dir='ltr'><strong>διαδοχὴν</strong></span> <span class='ocrx_word' id='word_1_198' title='bbox 1262 4611 1360 4690; x_wconf 71' lang='grc' dir='ltr'><strong>ἔργον</strong></span> 
     </span>
    </p>
   </div>
   <div class='ocr_carea' id='block_1_4' title="bbox 0 0 1478 5014">
    <p class='ocr_par' dir='ltr' id='par_1_6' title="bbox 0 0 1478 5014">
     <span class='ocr_line' id='line_1_26' title="bbox 0 0 1478 5014; baseline 0 6"><span class='ocrx_word' id='word_1_199' title='bbox 0 0 1478 5014; x_wconf 95' lang='lat' dir='ltr'><strong> </strong></span> 
     </span>
    </p>
   </div>
  </div>
 </body>
</html>
