2990 5012
429 1737 939 1873 'Punuuluro

194 2469 240 2529 De
270 2470 359 2530 variis
390 2469 477 2532 huius
498 2471 593 2532 libelli
615 2476 805 2554 argumentis
826 2495 922 2556 pauca
943 2477 1097 2536 monuisse
1119 2477 1280 2540 suffecerit.

152 2599 260 2680 Cupite
277 2605 367 2678 primc
389 2604 589 2664 continentur
609 2611 874 2685 progymnasmata
894 2606 1043 2686 quaedam
1058 2607 1097 2667 ad
1113 2606 1280 2669 editionem

152 2755 242 2814 quum
272 2755 418 2816 praeparo
447 2737 654 2798 Tuuerurnrs.
699 2737 802 2818 Ouput
822 2740 931 2798 lotium
953 2737 1132 2818 epimetrum
1155 2743 1221 2798 esto
1243 2738 1281 2799 ud

153 2855 399 2928 dissertationem
428 2888 524 2928 meam
550 2869 765 2930 Academicum
787 2871 996 2931 continentem
1018 2871 1209 2928 clemoium
1230 2871 1281 2928 cri·

152 3001 219 3057 tices
247 3002 275 3058 ia
297 3001 457 3077 srapmentc
487 3003 643 3059 comicorum
671 3003 832 3060 Graecorum
860 3000 958 3080 Lugd.
988 3001 1057 3059 Bat.
1089 2999 1170 3080 apud
1191 2999 1227 3058 Il.
1249 3001 1278 3059 J.

156 3129 229 3192 Brill
249 3151 276 3192 a.
302 3133 380 3191 1855
405 3132 503 3210 adque
533 3131 683 3202 libellum,
711 3132 763 3211 qui
785 3151 882 3212 paene
904 3132 1054 3192 decennio
1076 3135 1146 3211 post
1167 3129 1278 3190 ibidem

151 3262 231 3342 apud
256 3263 418 3341 Doesburg
440 3264 472 3322 in
494 3263 591 3322 lucem
614 3261 725 3342 prodiit
746 3263 927 3342 inscriptus:
943 3265 1023 3322 Novo
1043 3263 1164 3321 mendo
1185 3263 1280 3320 critica

151 3391 189 3448 ad
210 3393 339 3450 Meiaelcii
366 3410 430 3466 opus
457 3393 619 3468 Frcpmectc
647 3393 802 3450 comicmum
833 3396 1011 3462 Graecorum,
1036 3413 1163 3472 quorum
1191 3411 1279 3472 opus·

152 3521 286 3580 culorum
320 3521 468 3580 rationem
490 3521 663 3582 habuerunt
689 3523 804 3583 Jaconr
835 3524 865 3582 in
892 3525 1011 3583 &micae
1039 3527 1162 3583 AEclicuu
1195 3526 1280 3584 indice

153 3613 270 3732 etipse
294 3643 448 3712 Mamurra
473 3654 506 3712 in
528 3656 665 3713 Aacalecla
690 3656 790 3713 crificia
813 3657 851 3714 cd
872 3658 1048 3715 Athenaeum.
1091 3655 1198 3717 Studia
1213 3677 1280 3716 meu

153 3787 356 3856 Soreoonns,
382 3805 508 3864 quorum
530 3804 608 3844 nove
628 3785 761 3864 prompsi
786 3785 951 3866 specimina
973 3785 1003 3845 in
1031 3787 1132 3866 capite
1152 3789 1279 3860 occuluit,

154 3915 254 3976 denuo
275 3916 448 3996 provocavit
463 3917 642 3978 Tounumsr
657 3917 751 3977 editio
767 3917 940 3997 Sophoclis,
955 3936 1032 3997 quae
1047 3937 1129 3978 anno
1144 3917 1280 3998 proximo

154 4047 267 4127 prodiit
287 4047 427 4119 Parisiis,
449 4065 548 4125 neque
570 4047 670 4106 minus
686 4047 864 4108 Drunousn
885 4047 978 4107 editio
1000 4047 1108 4126 quinta
1122 4053 1281 4126 poetarum

153 4178 350 4238 Soonicorum
372 4177 561 4238 Graecorum
591 4183 624 4238 et
645 4197 720 4257 quas
741 4197 839 4258 nuper
860 4179 1022 4238 Saturnus
1045 4177 1157 4256 aliique
1179 4179 1282 4256 singu-

155 4308 250 4370 larum
272 4307 440 4368 fabularum
463 4313 612 4368 curarunt
632 4308 834 4368 recensiones.
865 4307 1102 4368 Observationes
1117 4305 1284 4368 nonnullae

155 4438 193 4498 ad
221 4439 476 4500 Amsrornmn
509 4445 541 4499 et
562 4441 703 4511 Lrsrsu,
732 4443 828 4516 quarto
856 4457 891 4497 ae
913 4439 1005 4514 quinto
1027 4436 1126 4516 capite
1147 4455 1283 4516 compre·

156 4571 284 4644 tensae,
308 4572 384 4631 hanc
406 4572 601 4651 scriptionem
624 4570 786 4642 claudunt,
809 4569 841 4628 in
864 4587 923 4647 qua
945 4569 1170 4648 componenda,
1194 4589 1232 4629 ne
1253 4569 1284 4630 in
