2968 5014
825 371 887 434 112

340 531 394 597 Vs.
430 533 515 599 298:
556 535 658 604 Verba
692 539 896 611 scholiastae:
936 539 1022 636 ὅπερ
1047 541 1189 640 Ὅμηρος
1220 541 1267 619 οδ
1294 551 1421 642 ἐρύειν

295 645 395 735 φησὶν
413 643 475 712 nt.
497 671 560 715 non
580 655 737 739 pertinent
757 658 797 724 ed
815 659 964 726 vocabula
986 651 1113 752 ἔσφαζε
1131 656 1325 754 κᾶρράχιζε,
1345 689 1422 754 qnae

292 760 413 826 faciunt
436 761 548 830 scholii
572 767 698 850 lemma,
719 774 772 838 sed
795 775 833 840 ad
857 768 922 842 ἅνω
944 773 1084 864 τρέπων.

338 875 393 940 Vs.
409 877 495 944 312:
517 875 564 946 τδ
583 875 676 950 δείν’
695 879 888 978 ε’τινγιείληδ
908 881 981 975 ἐτη.
1002 888 1146 955 Fortasse
1165 879 1341 958 aaroni
1358 891 1420 958 κτὲ.

292 989 423 1056 Diversa
452 999 500 1059 est
522 996 602 1060 ratio
633 1021 675 1063 vs.
705 1001 789 1066 110⁷
814 1007 845 1068 et
869 1025 912 1070 ve.
938 1005 1045 1082 1226,
1076 1004 1128 1069 ubi
1164 1003 1315 1070 articulus
1347 1012 1419 1070 bene

292 1103 393 1171 habet.
1364 1121 1366 1126 '

337 1219 393 1286 Vs.
416 1225 494 1286 elo:
515 1221 569 1288 καὶ
583 1219 698 1316 μητέρ’
718 1220 812 1318 ἄλλη
831 1236 933 1322 μοῖρα
952 1231 1016 1300 arci.
1036 1235 1087 1300 An
1110 1227 1204 1322 αἰνή
1223 1237 1349 1323 palpat
1366 1236 1418 1301 Sic

291 1335 372 1421 apud
393 1333 562 1402 Homerum
587 1331 703 1416 οἰνδς
721 1332 834 1430 μόρος.

338 1448 391 1514 Vs.
413 1450 493 1515 668:
516 1441 668 1536 ἄρχοντές
688 1449 784 1535 εἰσιν,
807 1447 893 1520 ὥσθ’
912 1451 1089 1525 inernies.
1106 1456 1140 1525 τ1
1158 1449 1226 1546 μὴ,·
1256 1458 1367 1524 Malim
1388 1459 1419 1526 ci

290 1553 382 1651 μὴν,
402 1565 423 1628 i.
446 1587 471 1630 e.
495 1568 566 1641 πῶς
580 1557 642 1654 γδρ
666 1557 723 1650 οι1,·
747 1567 794 1634 Ol.
818 1568 928 1636 Aeach.
947 1571 1076 1638 hlumec.
1103 1594 1145 1636 rs.
1169 1573 1244 1646 203.

336 1678 390 1743 Vs.
418 1679 481 1745 670
508 1685 685 1767 corruptum
706 1689 754 1748 eet
772 1687 890 1768 τιμαῖς.

337 1795 392 1860 Vs.
416 1795 500 1863 591:
824 1793 879 1860 eol
899 1785 970 1880 τάχ’
989 1787 1029 1862 δν
1046 1788 1081 1880 μ’
1101 1797 1197 1873 ἴσως

487 1897 678 1988 citemus,
699 1903 753 1972 κεί
772 1908 825 1971 νῦν
844 1907 1012 1990 δυστυχῶ,
1034 1905 1243 1992 σεσωσμένον.

289 2021 457 2110 Expuneto
472 2023 745 2108 interpretamento
757 2016 856 2098 ἴσως,
868 2021 1076 2108 reponendum
1088 2013 1122 2106 μ’
1142 2015 1209 2089 ἔτι.
1229 2023 1268 2088 1ο
1281 2022 1418 2088 oratione

289 2137 443 2226 pedestri,
467 2136 619 2223 imprimis
635 2135 715 2223 apud
736 2135 896 2202 Platonem
914 2141 985 2223 post
998 2126 1083 2220 τάχα
1101 2135 1183 2202 idem
1198 2136 1351 2226 glossema
1372 2143 1418 2202 est

289 2252 452 2320 admodum
474 2253 627 2336 frequens.
1470 2333 1471 2340 ρ

337 2367 389 2433 Vs.
423 2367 617 2434 816—818:
651 2355 778 2454 (γένοιτ’
811 2356 983 2454 (ἲν-δρᾶν)
1017 2366 1114 2453 inepti
1147 2373 1222 2434 eunt
1251 2372 1283 2434 et
1311 2367 1418 2432 Aiacis

286 2483 456 2550 orationem
479 2481 677 2548 conturbant
707 2485 804 2548 Arete
827 2481 908 2548 enim
935 2481 1100 2548 cohaerent
1119 2505 1162 2548 ar·
1185 2485 1251 2550 815
1285 2487 1316 2548 et
1344 2484 1417 2546 819.

286 2599 390 2672 Quare
408 2604 471 2666 tres
489 2597 561 2664 illoe
575 2621 634 2664 vsa.
651 2598 796 2664 domuere
808 2620 871 2662 οοο
891 2597 1010 2663 dubito.
1029 2597 1174 2664 confecti
1192 2619 1258 2664 esse
1270 2597 1416 2664 videntur

287 2713 326 2780 cd
349 2713 498 2780 histrione
520 2721 644 2801 propter
665 2735 708 2780 vs.
730 2713 795 2779 661
818 2735 864 2799 eq.
887 2714 926 2778 cl.
950 2714 1035 2778 1025
1059 2735 1104 2800 sq.

333 2829 387 2894 Va.
403 2831 467 2896 853
488 2836 520 2895 et
537 2829 600 2895 665
615 2829 736 2916 spurios
752 2851 818 2894 esse
840 2828 902 2892 iam
933 2829 1069 2906 monuit,
1094 2831 1127 2894 ni
1145 2827 1254 2904 fallor,
1273 2827 1415 2932 conclus

333 2943 390 3010 Vs.
414 2949 497 3010 988:
827 2946 898 3016 τοῖς
920 2941 1090 3008 conceal
1109 2964 1162 3008 τοι
1467 3003 1468 3014 .

485 3053 621 3145 φιλοῦσι
641 3043 761 3129 πάντες
779 3054 983 3136 κειμένοις
1002 3051 1184 3140 ἐπεγγελᾶν.

287 3172 348 3238 Pro
375 3167 535 3248 θανοῦσι,
567 3168 649 3253 quod
672 3167 977 3254 interpretamentum
998 3172 1045 3232 eet
1073 3165 1229 3252 sequentis
1258 3165 1415 3254 participii

285 3279 460 3366 κειμένοις,
482 3280 556 3347 olim
578 3283 628 3348 vix
651 3281 737 3348 aliud
755 3283 905 3370 seriptum
921 3303 986 3348 esee
1001 3283 1106 3370 potuit
1128 3281 1310 3348 vocabulum
1323 3303 1414 3368 quam

286 3396 450 3483 ἐχθροῖσι.

331 3509 387 3576 Vs.
413 3509 515 3575 1009:
539 3515 621 3588 ἴσως
642 3510 721 3577 velet
741 3534 844 3597 aeque.
864 3509 1038 3599 cogitando
1063 3509 1186 3597 supple:
1209 3533 1247 3576 oc
1270 3511 1414 3574 ιδίιεκνι
1465 3545 1466 3631 ρ

286 3647 440 3691 securene.

330 3741 387 3808 Vs.
402 3743 504 3808 1071:
526 3738 645 3806 καίτοι
661 3743 759 3807 κακοῦ
777 3733 864 3828 πρὸς
883 3732 1000 3828 α’νδρδς
1017 3730 1141 3828 ἄνδρα
1163 3729 1304 3828 δημότην

523 3850 624 3940 μηδὲν
643 3853 787 3920 δικαιοῦν
801 3856 863 3920 τῶν
884 3842 1059 3940 ἐφεςώτων
1076 3841 1190 3917 κλύειν.

285 3969 346 4034 Pro
369 3961 490 4056 ἄνδρα,
512 3965 594 4052 quod
616 3966 844 4053 dittographiee
867 3967 957 4032 debet
980 3965 1151 4053 originem,
1187 3965 1333 4030 restituas
1361 3987 1415 4030 ne·
1463 4041 1464 4044 Ἴ

285 4085 451 4150 cessarium
470 4083 673 4169 perticipium
697 4069 782 4146 ὅντα.

329 4199 387 4265 Vs.
411 4198 514 4262 1112:
542 4194 574 4262 οἱ
593 4185 696 4262 πόνου
718 4191 844 4260 πολλοῦ
861 4187 951 4276 πλέῳ
970 4203 1010 4242 =
1028 4190 1060 4257 oi
1083 4181 1191 4255 cretici
1217 4180 1417 4277 nocturnes
1462 4233 1463 4319 ρ

285 4337 307 4378 s.
330 4308 686 4398 πολυπραγμονοῦντες.
