2932 5004
642 357 701 420 141

81 559 141 602 nou
168 537 208 604 de
233 543 403 629 personis
433 541 467 607 iu
498 563 556 608 usu
586 565 652 608 esse
685 542 815 610 ridetur.
844 542 978 609 -videas
1007 542 1149 633 exempla
1181 564 1263 632 quae

82 660 177 726 muita
204 683 223 726 e
248 659 379 748 Polybio
402 663 557 753 congessit
580 661 759 754 Schweigh.
784 665 817 730 in
841 664 955 730 Lerico
979 662 1162 752 Polybiane.
1213 664 1263 730 An

83 781 159 848 iorte
190 803 302 847 rernm
335 795 398 848 ost:
432 784 523 858 τούς
555 783 598 849 τδ
629 767 836 866 συνέδριον
866 783 1142 864 συνοίγοντας,
1176 786 1198 850 i.
1232 809 1262 851 e.

83 923 137 966 eos
159 902 284 990 quibua
309 907 365 968 ν’νιε
389 913 470 968 erat
493 906 704 970 convocandi
728 903 914 971 νονναόανκό

126 1023 177 1088 Fr.
212 1023 245 1089 Π
276 1029 335 1089 εσ.’
359 1026 418 1088 ll:
452 1025 479 1089 οί
511 1025 538 1090 δ’
568 1025 809 1109 ἐπιφανέστατοι
835 1025 1061 1100 πλείους·όντες
1083 1029 1142 1092 τῶν
1164 1027 1264 1092 διακο·

82 1143 161 1210 σίων.
211 1144 238 1210 Ε
259 1147 447 1234 praegressis
472 1159 602 1237 apparet
620 1145 832 1238 supplendum
852 1169 936 1213 esse:
961 1148 987 1213 οί
1006 1147 1033 1213 δ’
1054 1145 1265 1228 έπιφανέστα-

83 1287 124 1329 τοι
155 1263 227 1354 (τῶν
257 1263 419 1353 Ἰουδαίων)
445 1265 569 1339 πλείους
592 1268 656 1332 κτὲ.
705 1266 858 1334 Similiter
880 1267 1001 1357 aliquid
1024 1266 1172 1334 excidisse
1194 1287 1265 1356 pro-

83 1385 185 1452 babile
217 1397 263 1452 est
293 1407 312 1452 e
342 1386 462 1452 rerbis:
495 1387 563 1468 περί
594 1386 626 1452 δὲ
653 1397 709 1464 τῆς
741 1388 937 1470 παρανομίαις
959 1393 1018 1455 τῶν
1041 1387 1190 1454 Ἰουδαίων
1213 1385 1265 1454 καί

81 1508 138 1571 τῶν
164 1507 208 1579 είς
237 1507 407 1585 Ῥωμαίους
439 1507 638 1586 οίδικημοίτων
669 1513 780 1591 πικρῶς
812 1509 1002 1588 ἐπιτιμήσας
1030 1517 1093 1584 σοῖς
1125 1509 1192 1587 περὶ
1215 1509 1268 1575 τόν

85 1627 223 1706 ’Τρκανδν
263 1627 328 1692 sai.
376 1627 449 1694 Non
480 1629 566 1694 enim
596 1628 636 1696 de
668 1631 868 1696 contumacia
899 1629 1111 1709 Iudaeorum,
1142 1628 1197 1694 sed
1227 1629 1268 1696 de

85 1747 232 1814 iniustitia
273 1747 414 1836 Hyrcani
456 1761 488 1816 et
532 1748 705 1815 Aristobuli
747 1751 780 1816 in
822 1749 955 1816 ludaeos
995 1749 1049 1816 hic
1090 1771 1267 1816 sermonem

88 1889 149 1934 erse
183 1869 257 1934 satis
291 1881 421 1960 apparet
454 1893 491 1936 er
525 1869 807 1949 antecedentibus,
843 1871 997 1960 imprimis
1030 1893 1049 1936 e
1085 1847 1265 1936 rocaisulisr

87 1989 205 2064 τούτους
239 1989 273 2054 δέ
307 1993 359 2054 νῶν
391 1989 585 2058 δυναστεύειν
618 1982 878 2066 καταλελυκότος
900 1991 971 2066 τούς
994 1990 1138 2072 πατρίους
1160 1989 1268 2069 νόμους

89 2111 137 2174 καί
166 2107 451 2176 καταδεδουλῶσθαι
480 2111 551 2183 τοὺς
579 2111 712 2186 πολίτας
736 2111 847 2186 ύδίκυς
870 2113 935 2178 κτέ.
984 2113 1088 2198 Quare
1111 2133 1268 2202 reponen-

89 2229 159 2296 dum
193 2253 260 2297 esso
294 2230 451 2320 suspicor:
487 2232 555 2312 περὶ
587 2232 618 2297 δέ
641 2239 697 2306 τῆς
720 2234 917 2315 παρανομίας
949 2233 1032 2321 (τῆς
1063 2230 1179 2321 κατόν)
1210 2238 1270 2298 τῶν

88 2352 229 2418 Ἰουδαίαν
265 2351 319 2416 καί
346 2357 406 2418 τῶν
439 2353 483 2426 είς
512 2354 679 2434 Ῥωμαίους
710 2354 910 2434 ύδικήματων
939 2360 1049 2437 πικρῶς
1080 2355 1269 2434 ἐπιτιμήσας

86 2481 143 2547 τοῖς
173 2471 243 2554 περί
273 2471 327 2538 τόν
354 2471 503 2554 αΤρκανον
530 2475 596 2541 κτὲ.
645 2473 684 2539 ln
715 2475 779 2541 fine
810 2475 948 2565 excerpti
976 2496 1083 2540 sensns
1114 2473 1264 2562 requirit:

87 2595 109 2658 εί
141 2595 204 2660 ούπδ
236 2596 291 2659 τού
324 2598 375 2659 νῦν
409 2594 580 2661 πείσονται
618 2596 690 2684 (pro
721 2594 910 2680 stridorem),
943 2593 1132 2674 συγγνώμης
1155 2593 1268 2668 αύτούς

16 2761 17 2790 ,
86 2711 215 2790 ήξίωσεν.
242 2713 414 2805 Aliquanto
422 2737 496 2780 roro
508 2715 635 2780 maioris
646 2716 799 2781 momenti
811 2727 858 2781 est
869 2715 1029 2780 sustulisse
1040 2735 1196 2793 errorem,
1213 2715 1269 2804 qni

16 2815 17 2822 ό
85 2835 221 2902 frmditns
232 2833 370 2926 perdidit
382 2857 507 2902 sensum
519 2835 613 2901 huius
624 2833 762 2925 periodi,
780 2857 876 2925 quam
888 2831 982 2900 modo
994 2835 1058 2900 iam
1070 2857 1106 2900 er
1118 2847 1207 2925 parte
1219 2826 1268 2902 atss

86 2957 227 3046 tigimus:
248 2958 274 3022 οί
286 2957 314 3021 δ’
327 2955 570 3039 ἐπιφανέστατοι
586 2956 655 3045 (τῶν
669 2955 832 3045 Ἰουδαίων)
850 2955 974 3028 πλείους
991 2954 1075 3030 όντες
1092 2963 1151 3023 τῶν
1167 2957 1268 3023 διακο-

85 3078 151 3142 σίων
178 3078 377 3154 κατήντησαν
400 3077 472 3158 πρός
496 3077 548 3143 σδν
572 3077 783 3160 αύτοκροίπορα
806 3077 858 3143 καί
883 3077 1085 3159 ἀπεφήναντο
1107 3078 1178 3152 τοὺς
1200 3101 1268 3160 προ·

84 3197 184 3273 γόνους
218 3200 318 3264 αύτῶν
350 3196 573 3281 ἀφεστηκότας
604 3203 657 3264 τοῦ
689 3200 795 3278 ίεροῶ
827 3196 1091 3278 πεπρεσβευκέναι
1118 3199 1191 3280 πρὸς
1212 3200 1268 3275 τήν

85 3318 272 3396 σύγκλητον,
304 3317 357 3384 καί
389 3319 614 3402 παρειληφέναι
638 3320 693 3394 τήν
717 3317 908 3399 προστασίαν
930 3325 989 3384 τῶν
1012 3319 1163 3386 Ἰουδαίων
1185 3321 1269 3384 έλευ·

85 3437 168 3520 όίρων
189 3438 243 3504 καί
267 3437 452 3519 αὐτονόμων.
501 3439 642 3527 Hyrcani
665 3451 697 3504 et
721 3437 895 3504 Aristobuli
914 3439 1052 3522 τρίγονοι
1070 3451 1160 3506 erant
1178 3437 1268 3504 iilus-

84 3561 135 3626 tris
154 3559 417 3628 Maccahaeorum
435 3560 576 3639 familia,
601 3581 683 3650 qnae
699 3583 763 3625 uon
775 3559 909 3638 deiecit,
934 3559 1062 3650 opinor,
1084 3561 1265 3650 simplo,

84 3679 133 3746 sed
161 3681 202 3746 nir
225 3681 426 3770 Assyriorum
450 3703 543 3772 rege,
570 3680 727 3747 Antiocho
751 3681 938 3772 Epiphaue,
964 3702 994 3746 a.
1023 3683 1084 3745 167
1112 3703 1140 3746 a.
1168 3681 1205 3746 G.
1231 3701 1266 3747 n.

84 3802 184 3886 Quare
205 3802 365 3892 suspicor:
392 3801 617 3886 ἀφεστηκότας
640 3806 694 3868 τοῦ
719 3801 863 3884 Συρίου
887 3799 1150 3882 πεπρεσβευκέναι
1174 3803 1239 3868 κτέ.

122 3921 218 3988 Plura
238 3945 366 4014 quoquc
385 3923 546 4013 legentem
566 3922 744 4014 impediunt
757 3924 791 3990 in
803 3923 843 3992 ir.
858 3923 918 3989 111.
956 3921 1061 3989 Minus
1075 3921 1166 3990 'enim
1182 3935 1269 3993 recto

83 4043 226 4111 scribitur
249 4069 295 4110 rs.
319 4049 375 4112 32:
402 4051 525 4111 πολλῶν
542 4045 605 4126 γόορ
628 4045 680 4110 καὶ
701 4044 904 4111 παντοδαπῶν
923 4044 1158 4112 κατοικούντων
1177 4043 1268 4122 ξένων

81 4189 134 4254 pro
166 4165 426 4247 μετοικούντων,
461 4163 547 4255 quod
584 4165 715 4234 rerbnm
748 4164 788 4231 de
818 4165 991 4256 peregrinis
1023 4165 1175 4232 sollemne
1204 4175 1263 4230 est.

81 4285 198 4353 Deinde
220 4285 337 4354 haereo
359 4287 392 4353 in
413 4287 534 4354 verbis:
562 4283 580 4352 ό
586 4311 657 4370 περ
680 4287 707 4353 οἱ
727 4295 782 4363 τής
803 4287 908 4370 χώρας
928 4287 1069 4366 ἐγγενεῖς
1089 4286 1265 4364 ὑπέλαβον,

82 4407 132 4472 ἐὰν
153 4411 197 4486 μή
221 4409 292 4482 τοὺς
316 4406 517 4490 ούλλοφύλους
538 4409 817 4486 μεταστήσωνται,
839 4407 973 4490 κρίσιν
997 4411 1050 4474 ούκ
1067 4405 1188 4472 έσεσόαι
1205 4411 1266 4472 τῶν

80 4535 187 4596 κακῶν.
235 4528 297 4594 Pro
319 4525 392 4609 ύπερ
416 4529 534 4618 requiri
559 4527 660 4610 διόπερ
682 4527 884 4595 manifestum
904 4539 963 4594 ast.
1012 4523 1133 4593 Deinde
1152 4524 1264 4594 dubito

20 4619 21 4672 ί
81 4673 117 4715 an
148 4661 235 4719 recte
258 4648 322 4718 dici
346 4661 442 4740 queat
465 4649 524 4733 κρί
531 4673 593 4726 τις
616 4655 675 4716 τῶν
699 4655 810 4716 κακῶν.
857 4647 939 4714 Nam
963 4645 1058 4729 κρίσις
1083 4657 1261 4715 est-cerum
