2946 5014
69 599 123 664 que
155 599 173 644 e
202 576 277 644 viris
310 574 412 644 doctis
437 579 552 646 lactum
576 603 642 646 esse
667 577 773 658 video,
801 600 930 665 quorum
957 577 1077 644 diversa
1100 583 1202 644 tenta·

69 697 147 761 mins
170 701 368 762 recensentur
392 696 429 763 ab
459 697 601 764 Albertio
633 697 672 763 ad
703 695 896 784 Hesychius]
922 695 1079 762 Scribitor
1100 701 1201 762 eutem

69 813 143 899 apud
163 811 353 898 Hesychium
386 814 447 879 sie:

107 925 265 1016 Κουρίον·
288 927 463 1015 Σοφοκλῆς
483 918 696 1016 Ἀνδρομέδᾳ·
716 919 980 1018 ἡμιουτόνκοριον
999 928 1077 1013 (sio)
1098 921 1201 1020 ᾑρέθη

68 1039 159 1110 πόλει
167 1031 267 1126 νόμος
279 1030 341 1130 χεὶρ
365 1035 433 1106 ἐστι
455 1046 525 1118 τοῖς
543 1033 727 1132 βαρβάροις
749 1040 924 1131 θυραυλεῖν
942 1033 1092 1131 βρότειον
1105 1039 1202 1132 ἀρχῆ-

70 1160 119 1222 θεν
139 1152 235 1245 μέρος
259 1155 330 1243 (sic)
355 1155 403 1242 τῷ
424 1146 551 1245 Κρόνῳ.

105 1272 143 1336 In
160 1274 842 1352 ΑΝΔΡΟΜΕΔΑΙΗΜΙΟΥἸὈΚΟΡΙΟΝ
863 1267 921 1354 (eie
940 1270 1021 1334 enim
1035 1270 1132 1336 codex
1144 1292 1202 1336 sec.

68 1385 252 1452 Nacoliam.
276 1385 383 1473 Vulgo
396 1373 566 1472 κου’ρειον.)
593 1384 765 1466 delitescit,
789 1388 821 1451 ui
842 1385 1033 1464 fallor‚haeo
1050 1387 1202 1473 scriptura

68 1504 825 1586 ΑΝΔΡΟΜΕΔΑΙΑΖΗΜΙΟΝΤΟΚΟΡΙΟΝ,
872 1509 903 1568 et
925 1501 1072 1590 Sophocli
1100 1503 1203 1571 reddi·

69 1615 178 1682 dcrim:

267 1718 433 1818 όζὴμιον
452 1721 497 1796 τό
516 1718 652 1818 κόριον
674 1721 778 1820 ᾑρέθη
799 1721 905 1800 πόλει.

267 1833 366 1929 νόμος
386 1832 448 1930 χόρ
470 1837 538 1908 ἐστι
557 1847 645 1909 τοῖσι
665 1834 848 1934 βαρβάροις
870 1835 985 1936 Κρόνῳ

271 1953 449 2044 θυηπολεῒν
465 1943 616 2044 βρότειον
638 1945 778 2044 ἆρχῆθεν
798 1955 906 2048 χέρας.

65 2070 83 2136 'a
114 2095 139 2137 e.
166 2069 269 2156 Culpa
302 2091 420 2136 vocans
448 2070 562 2155 puella
594 2093 615 2134 α
648 2071 767 2138 τιύἱῠαι
799 2075 922 2140 delecto
956 2081 1011 2140 eat.
1038 2073 1099 2140 uso
1122 2073 1203 2140 εαιίιτ

66 2211 125 2255 ενοι
148 2193 205 2254 oet.

107 2304 155 2370 Ex
173 2325 234 2390 qua
247 2301 426 2370 coniectura
449 2289 588 2392 ἆζὴμιος
607 2299 637 2367 b.
649 2301 670 2368 l.
687 2301 805 2370 dictum
829 2305 990 2373 estendam
1003 2305 1202 2394 significandi

66 2425 234 2506 potestate,
277 2439 339 2505 qua
373 2419 434 2484 hoo
468 2417 655 2486 adiectivum
695 2419 838 2488 adhibuit
872 2419 1040 2510 Sophocles
1084 2423 1201 2489 Electa

66 2559 105 2601 aa.
132 2537 228 2602 1102.
245 2527 354 2600 ,Verbi
379 2557 444 2600 esse
467 2534 613 2601 ridentur
636 2537 852 2604 nesciocuius
874 2538 912 2603 ad
936 2537 1080 2604 Perseum
1093 2539 1202 2603 scisci·

64 2657 193 2732 mutem,
222 2651 300 2738 quid
326 2652 520 2716 Andromeda
542 2651 743 2738 deliquisset,
761 2659 797 2718 nt
820 2659 883 2720 tom
905 2653 1025 2720 crudeli
1046 2654 1202 2740 supplicio

64 2769 214 2835 aoioo'tas
224 2768 293 2834 auo
311 2770 491 2855 afficeretur.
517 2768 556 2832 In
578 2769 771 2857 corrigendis
796 2793 839 2835 vs.
864 2771 884 2836 2
908 2775 939 2836 et
958 2771 1117 2838 decoctus
1133 2792 1200 2836 sum

64 2883 189 2951 aliorum
213 2883 405 2970 suspiciones
429 2882 592 2949 admodum
616 2883 801 2971 probabiles.

106 3259 207 3327 Miror
226 3257 367 3324 homines
391 3257 515 3337 doctos,
535 3279 629 3344 quum
650 3259 687 3324 ad
700 3258 921 3326 illustrandum
933 3259 1025 3327 breve
1036 3261 1202 3350 Sophoclis

13 3361 14 3366 ἵ
63 3375 267 3465 fragmentum
292 3397 329 3440 ex
353 3377 502 3440 Oenomao
524 3397 570 3460 ap.
595 3373 711 3454 Athen,
733 3374 784 3442 IX
807 3399 835 3464 p.
860 3379 923 3442 olo
949 3398 992 3443 o:

259 3486 411 3556 Σκυθιστὶ
420 3477 654 3577 χειρόμακτρον
674 3485 966 3577 ἐκκεκαρμένος.

63 3605 199 3692 apposite
228 3601 356 3668 laudent
394 3601 527 3691 glossam
564 3601 732 3687 Hesychii:
776 3599 928 3668 Σκυθιστὶ
949 3590 1201 3690 χειρόμακτρον·

13 3725 15 3746 ⁷
63 3718 92 3785 οἱ
104 3714 224 3786 Σκύθαι
236 3717 302 3782 τῶν
311 3711 560 3802 λαμβανομένων
571 3713 603 3782 ἐν
617 3715 774 3800 πολέμοις
785 3704 973 3804 ἀνθρώπων
981 3709 1041 3790 τοὶς
1055 3705 1202 3804 nepotata

63 3829 254 3921 ἐκδέροντες,
283 3835 352 3904 τοῖς
372 3825 529 3918 δέρμασιν
551 3821 621 3895 ἀντὶ
644 3819 886 3918 χειρομοὶκτριον
909 3824 1065 3914 ἐχρῶντο,
1088 3827 1200 3907 miror,

62 3946 204 4032 inquam,
227 3965 278 4009 eos
290 3965 352 4008 non
366 3943 457 4008 imul
469 3942 543 4009 inde
554 3942 702 4030 Sophocli
715 3941 902 4016 reddidisse,
925 3941 1199 4031 quodsoripserat:

270 4055 420 4125 Σκυθιστὶ
439 4049 672 4147 χειρόμακτρον
694 4053 996 4144 ἐκδεδαρμὶνος.“

104 4173 247 4239 Notatur
262 4173 342 4237 enim
356 4169 416 4238 hoc
428 4195 536 4245 versu,
558 4171 640 4260 quod
652 4177 736 4239 recta
747 4172 807 4237 iam
823 4169 861 4235 ab
873 4168 943 4235 eliis
956 4168 1198 4236 animadversum

13 4307 14 4366 j
62 4293 124 4367 est,
150 4289 303 4355 &nonai
320 4287 487 4356 erudelitas
511 4289 542 4355 in
569 4311 637 4367 eos,
660 4309 738 4374 quos
761 4285 971 4374 Hippodamia
994 4307 1087 4351 eursu
1110 4307 1200 4373 supc-

13 4419 15 4462 l
62 4409 167 4472 meet.

13 4463 15 4550 l
