2990 5012
715 503 758 569 45

176 691 414 761 Homericorum
436 693 474 758 ll.
500 690 607 778 χείλεα
629 691 688 774 μίν
714 690 741 755 τ’
767 690 889 778 ἐδίην’,
913 693 1064 778 ὑπερῴην
1087 691 1116 756 δ’
1144 691 1202 758 οὐκ
1227 691 1298 758 ἐδί-

175 831 267 890 ηνεν,
292 826 355 892 quc
377 805 418 873 de
442 826 476 874 re
498 826 627 874 monere
650 805 813 894 occupavit
835 807 879 872 M.
902 806 936 873 in
958 806 1113 875 addendis
1135 829 1165 896 p.
1194 810 1268 876 113.

220 1033 298 1119 mg.
320 1033 397 1102 435.
421 1033 648 1102 nronenni
672 1033 974 1099 nnnmnnnnn.

175 1167 223 1215 VS.
247 1151 268 1216 2
469 1147 601 1214 Σκοτοδ
612 1173 624 1212 ε
636 1149 647 1211 ί
658 1173 676 1212 ν
687 1171 734 1232 ην
760 1145 1039 1233 ἐπικαλουμένην,
1063 1148 1114 1212 ὅτι

354 1261 463 1329 δεῖνὸν
488 1262 560 1328 ποτ’
586 1258 685 1348 ἦρεν
710 1261 873 1348 οίργυροῦν
898 1264 933 1327 ἐν
958 1267 1003 1346 τῷ
1028 1266 1145 1346 σκότῳ.

220 1375 290 1442 Nisi
308 1376 415 1460 fallor,
440 1399 481 1444 ex
500 1377 569 1464 ipso
591 1377 719 1444 nomine
742 1375 918 1460 οκοτοδίνη
942 1399 988 1439 =
1009 1365 1201 1441 οκοτοδινίοί
1224 1375 1246 1442 i.
1270 1396 1298 1442 e.

175 1489 340 1578 υινιὶριιιο
369 1491 489 1574 liquido
519 1497 665 1576 apparot,
695 1490 762 1556 falli
785 1490 987 1558 Eustcthinm
1010 1512 1041 1577 p.
1064 1491 1161 1557 1207.
1188 1491 1228 1556 12
1251 1489 1297 1556 di-

173 1611 315 1671 eentem:
346 1611 505 1688 γράφεται
538 1606 599 1688 γὰρ
631 1608 667 1668 τὸ
692 1603 817 1678 δῒνος
840 1607 881 1667 τὰ
905 1602 1007 1668 πλείω
1031 1602 1086 1667 διὰ
1111 1601 1297 1686 διφθόγγου

175 1717 223 1806 (in
245 1719 334 1786 cuius
356 1719 403 1785 roi
424 1718 521 1784 fidem
543 1717 659 1784 deinde
680 1715 790 1784 laudat
812 1716 897 1784 huno
919 1717 1088 1786 Archedici
1110 1717 1247 1807 locum),
1266 1724 1299 1784 et

148 1843 152 1850 ’
172 1831 386 1916 fragmentum
409 1831 610 1900 scribendum
633 1831 785 1898 essehoc
808 1829 918 1898 modo:

352 1949 588 2030 Νικοστράτην
612 1943 676 2011 τιν’
701 1948 826 2025 ἤγαγον
851 1948 965 2028 πρώην
990 1943 1114 2030 σφόδρα

351 2066 498 2146 γρυπήν,
521 2057 731 2142 Σκοτοδίνην
757 2055 1020 2142 ἐπικαλουμένην
1029 2107 1039 2143 ,
1063 2059 1114 2122 ὅτι

353 2171 446 2239 δῖνόν
470 2171 550 2238 ποθ’
575 2171 722 2258 ἦρπαο’
747 2171 910 2254 οίργυροῦν
937 2173 972 2238 ἐν
997 2176 1042 2257 τῷ
1067 2176 1183 2257 σκότῳ.

351 2289 385 2349 Β
409 2285 518 2364 δῖνον,·
543 2323 754 2336 ----——
777 2284 906 2370 δεινόν,
930 2277 955 2349 ὦ
980 2287 1067 2350 θεοί.

217 2401 319 2462 'Idm
338 2400 526 2486 productum
546 2401 609 2467 lom
627 2401 801 2484 antiquitus
819 2401 967 2468 ascribis
985 2400 1075 2487 pingi
1086 2399 1214 2468 solitum
1226 2419 1296 2466 esso

172 2533 230 2598 per
251 2513 460 2599 diphtongum
483 2521 599 2582 norunt
622 2534 740 2581 omnes.

216 2740 295 2824 Peg.
319 2739 395 2808 526.
419 2739 641 2826 Posidippi
663 2741 756 2807 Fan.
780 2741 861 2806 Ino.
885 2739 923 2806 fr.
947 2741 1037 2808 VIII.

216 2854 400 2924 Athenaeus
433 2855 460 2923 Ι.
480 2876 525 2941 ¹p.
557 2856 601 2922 32
633 2855 671 2922 b:
702 2855 841 2942 μυρίνης
877 2853 911 2920 δὲ
944 2847 1033 2932 οἶνος
1066 2861 1173 2921 κεῖται
1206 2858 1296 2940 παρὰ

171 2966 403 3053 Ποσειδίππῳ·

331 3085 539 3166 Λιιμηρός,
563 3085 727 3157 ἄτοπος
752 3085 770 3146 o‘
794 3083 932 3168 μυρίνης
956 3085 974 3148 o‘
996 3084 1115 3166 τίμιος.

216 3195 435 3264 Infelicissime
466 3197 601 3280 Corace,
626 3197 675 3264 vir
696 3198 878 3282 ceteroquin
900 3197 1072 3264 admodum
1093 3196 1292 3282 ingeniosus,

171 3329 229 3395 pro
250 3312 374 3385 ἄτοπος
399 3311 577 3397 suspicatur
598 3313 737 3390 ἄποτος,
761 3331 898 3395 namque
918 3312 936 3374 ὁ
958 3311 1109 3395 μυρίνης,
1130 3317 1166 3377 nt
1185 3311 1236 3377 vol
1253 3329 1294 3375 ex

172 3421 295 3490 adiecto
314 3423 468 3509 epitheto,
492 3427 511 3488 ὁ
533 3425 651 3506 τίμιος,
675 3430 782 3510 potent
798 3443 969 3510 apparere,
989 3424 1099 3491 vinum
1118 3429 1185 3490 erat
1200 3441 1295 3506 gene·
1334 3449 1345 3459 ³

172 3535 377 3603 rosissimnm.
401 3537 508 3606 Minus
530 3545 616 3606 corte
638 3539 780 3624 ineptum
803 3544 869 3621 cst,
893 3537 979 3620 quod
1001 3536 1181 3603 llleinekiun
1203 3555 1295 3601 exeo-

172 3649 287 3733 gitavit
306 3653 439 3731 ἄτονος,
466 3651 520 3735 qni
542 3672 604 3736 quo
628 3671 724 3720 sensu
746 3651 868 3718 dicatur
890 3651 1000 3718 vinum
1019 3649 1214 3733 siticulosum
1230 3667 1295 3714 me·

173 3762 235 3830 rito
257 3763 372 3830 latetur
395 3785 430 3831 se
453 3765 584 3832 nescire.

217 3878 268 3944 Ne
290 3879 402 3944 multo:
427 3885 513 3945 certa
535 3879 755 3946 emendatione
779 3876 1011 3965 reponendum:

252 3991 393 4076 Δίψης
418 3991 483 4079 (vel
506 3991 640 4078 δίψους)
665 3991 826 4076 α’ρωγὸς
851 3995 869 4056 o‘
890 3991 1027 4076 μυρίνης
1051 3993 1069 4052 o‘
1092 3989 1210 4083 τίμιος.

218 4103 267 4172 cf.
285 4105 549 4193 Antiphanes
568 4107 653 4192 apud
672 4107 834 4174 Pollucem
852 4106 894 4172 X.
908 4107 967 4172 73:
980 4101 1065 4168 ἀλλὰ
1079 4107 1134 4168 καὶ
1147 4101 1295 4168 ἄσκοπο-

173 4219 262 4304 τίνη·
285 4222 339 4285 καί
361 4223 422 4307 γὰρ
443 4220 529 4287 τοῦτ’
552 4225 596 4287 ἄν
618 4245 668 4298 τις
689 4221 774 4307 εὕροι
796 4221 831 4287 ἐν
850 4199 1084 4304 Ἀντιφάνους
1097 4216 1293 4304 Μελεάγρῳ·
