2944 5002
646 351 684 412 17

15 503 17 572 l
127 536 319 604 Manifestum
354 535 440 602 head
473 540 577 604 mInus
612 539 823 627 corruptelam
858 537 1017 606 observavi
1051 541 1084 605 in
1115 539 1254 605 oratione

15 625 17 718 l
90 654 276 736 OEeonmdis‚
298 660 353 747 qui
373 682 405 748 p.
432 662 498 724 519
523 683 566 726 rs.
592 665 611 724 5
636 661 679 725 sio
702 659 866 748 loquitur:
893 661 1038 742 αρίδηλος
1062 663 1124 741 γαρ
1146 662 1160 725 ὁ
1179 661 1255 724 ὑπο-

15 801 17 826 ³
88 780 184 858 μείνας
213 780 370 852 τοσαύτας
401 779 622 860 διαιρέσεις
654 785 707 846 τοῦ
742 781 886 860 σώματος
915 785 954 854 ὡς
991 783 1124 864 ἀφειδῶς
1148 782 1255 846 ἑαυτὸν

88 901 220 966 έτεδανιεν
252 901 326 982 ὑπὲρ
355 909 411 977 τής
431 900 587 982 πατρίδος.
624 901 706 986 Quid
726 903 772 966 rei
795 902 857 966 sint
880 904 913 967 αί
933 907 987 968 τοῦ
1008 904 1151 981 σώματος
1178 903 1253 968 διαι-

88 1021 185 1101 ρέσεις,
208 1043 302 1087 nemo
329 1021 423 1087 facile
445 1021 576 1098 dixerit,
601 1021 675 1100 sed,
702 1045 783 1111 quae
803 1037 966 1114 acceperat
988 1025 1022 1089 in
1044 1023 1165 1114 proelio
1187 1022 1255 1088 rul-

89 1165 166 1221 nera,
200 1141 406 1231 Intelligenda
440 1165 507 1208 esee
541 1156 670 1232 apparet
693 1167 711 1208 e
734 1144 945 1234 superioribus
971 1169 1004 1234 p.
1031 1149 1096 1210 518
1116 1168 1160 1210 rs.
1189 1148 1253 1209 16:

15 1255 16 1278 ³
88 1271 198 1336 πολλοῖς
248 1263 280 1328 δέ
323 1264 491 1344 περιπεσὼν
532 1265 706 1345 τραύμασιν
747 1267 816 1343 eri,
862 1278 1053 1355 quapropter
1086 1263 1176 1342 ride,
1213 1287 1254 1328 an

89 1393 307 1450 nmlpecerc
341 1407 378 1449 er
412 1393 673 1450 AIATPssceIC
708 1399 819 1452 natum
853 1409 920 1452 esse
951 1387 1109 1478 potuerit,
1143 1387 1187 1450 ita
1217 1397 1255 1451 nt

88 1505 276 1583 ίίτομείνας
294 1503 449 1579 τοσαύτας
472 1507 712 1587 διατρώοεις
736 1513 789 1573 τοῦ
809 1507 952 1587 σώματος
972 1509 1038 1572 eri.
1064 1505 1200 1572 ltiodoro
1214 1508 1255 1572 sit

88 1624 293 1692 reddendum?
340 1627 454 1692 Fateor
476 1626 634 1708 διείτρινσις
655 1627 845 1693 vocabulum
869 1651 935 1694 esse
957 1633 1011 1693 τοῦ
1031 1633 1155 1710 τονηροῦ
1176 1617 1255 1706 κίμ-

86 1769 181 1822 ματος.
228 1745 291 1814 Sed
321 1769 481 1812 versamur
508 1749 541 1812 in
572 1749 724 1838 pessimae
756 1749 941 1814 Graecitatis
963 1757 1111 1827 auctore,
1136 1759 1168 1811 et
1192 1746 1252 1811 Dio

86 1864 195 1933 danius
225 1867 299 1932 libr.
334 1867 442 1934 LXIII
475 1917 483 1936 .
516 1873 537 1933 3
569 1868 696 1934 scribit:
731 1866 868 1944 ἐτόξευεν
895 1867 1103 1949 ὂΤηριδιίτης
1130 1905 1174 1918 -
1197 1866 1253 1932 καί

86 1985 127 2052 δύο
144 2011 180 2066 με
203 1989 332 2070 ταύρους
357 1995 416 2074 μιᾷ
435 1985 508 2066 ἅμα
527 1988 864 2072 βολή-διέτρυσε
884 1988 936 2053 καί
948 1988 1140 2054 ατίκτεινεν.
1166 1987 1251 2053 Loco

15 2159 16 2164 1
86 2121 176 2174 nostro
206 2109 395 2199 opponitur:
430 2111 599 2191 ineptire:
622 2109 730 2176 ἑαυτὸν
752 2105 941 2191 ἄτρυτον.
990 2109 1160 2189 Graecitati
1179 2131 1252 2174 rero

85 2230 182 2296 melius
201 2229 382 2296 consultum
409 2230 489 2296 Ioret
512 2230 537 2294 si
559 2229 751 2320 legeremus:
781 2239 997 2314 nflencerc
1019 2235 1073 2296 τοῦ
1095 2230 1249 2309 σώματος.

84 2347 135 2414 Sed
156 2349 234 2416 hece
256 2349 423 2416 hactenus.
471 2349 596 2416 (lentius
617 2361 662 2416 est
684 2349 728 2416 ib.
752 2373 797 2417 re.
824 2355 845 2416 8
868 2351 984 2417 rerba:
1011 2353 1024 2416 ί
1047 2389 1093 2402 -
1115 2353 1250 2434 τηρήσας

85 2471 177 2536 {eorde
199 2471 333 2552 ἄτρυτον
351 2472 506 2556 εὐλαβείᾳ
527 2475 581 2537 τοῦ
605 2472 712 2537 ταίείν
735 2495 765 2536 τι
789 2475 873 2537 τοῦτ’
886 2473 1065 2553 ἐνήργησεν,
1079 2485 1250 2538 nonantea

15 2603 16 2614 ¹
84 2593 142 2658 ritii
170 2594 324 2659 immunia
346 2593 434 2672 fore,
460 2615 557 2682 qnam
579 2615 617 2659 er
640 2594 782 2658 omnium
807 2581 1000 2658 Graecorum
1022 2592 1251 2658 consuetudine

82 2735 194 2780 mecum
225 2715 439 2806 rescripseris:
465 2713 479 2779 d
501 2713 635 2795 τηρήσας
658 2715 766 2780 ἑαυτὸν
789 2711 922 2794 ἄτρυτον
944 2714 1099 2796 εὐλαβείᾳ
1121 2717 1173 2776 τοῦ
1196 2715 1247 2792 μή

15 2897 18 2916 ‚
82 2837 179 2900 ταίεῖν
199 2861 242 2914 τι,
264 2836 354 2900 cuius
376 2857 449 2899 usus
473 2834 614 2924 exempla
639 2835 769 2913 offerre,
795 2836 869 2923 quie
893 2833 1012 2924 ubique
1036 2847 1109 2900 sunt
1133 2833 1246 2914 obvie,

82 2977 135 3019 non
163 2955 264 3022 haheo
295 2957 515 3022 necessarium.
555 2955 593 3022 In
628 2957 832 3022 Aristomenis
862 2957 1002 3021 oratione
1032 2979 1077 3022 vs.
1107 2958 1149 3021 δέ]
1174 2979 1249 3046 sup·

82 3074 219 3162 plendum
250 3088 316 3142 est:
350 3079 383 3142 οὐ
411 3075 500 3157 μένον
523 3077 555 3142 δέ
578 3077 717 3151 Κλέοννις
742 3077 938 3159 δειχθήσεται
960 3083 1031 3142 κατ’
1055 3078 1163 3157 είρετήν
1186 3092 1249 3142 λεν·

15 3185 16 3196 ’
81 3195 217 3276 τέμενος,
241 3196 331 3262 cited:
353 3198 405 3262 καί
428 3197 541 3271 τελέας
565 3197 733 3278 αχυίριστος
758 3197 839 3288 (ὤν).

118 3318 153 3383 In
181 3317 442 3408 praecedentibus
474 3341 518 3383 rs.
553 3321 593 3383 16
623 3331 774 3408 peccatur
798 3331 906 3384 contra
930 3331 1126 3384 constantem
1151 3319 1248 3383 Grae·

81 3459 178 3504 corum
206 3461 301 3504 nsum
330 3440 364 3504 in
397 3439 571 3504 vocabulis:
591 3437 803 3520 Ιπαραλαβὼν
834 3439 862 3503 δ’
892 3441 922 3503 ἐν
950 3419 1040 3521 μέρει
1073 3441 1124 3504 τδν
1155 3439 1247 3516 λόγον

79 3557 284 3638 Ἀριστομένης
310 3561 392 3636 eri„
412 3583 486 3624 nam
510 3561 769 3649 quotiescumque
792 3561 964 3650 requiritur
974 3583 1011 3626 eo
1032 3560 1141 3634 notio,
1167 3581 1248 3649 quae

78 3679 154 3768 apud
185 3680 315 3746 Intinos
349 3681 430 3746 inest
459 3680 612 3746 locutioni
644 3704 708 3745 sua
732 3685 827 3760 oa'ce,
853 3680 965 3746 Graeci
988 3679 1108 3746 addunt
1131 3682 1249 3748 articu-

78 3799 155 3880 lum,
189 3801 244 3867 ubi
279 3813 388 3866 contra
423 3801 485 3867 loci
518 3824 625 3867 sensus
647 3801 785 3892 postulat
808 3801 857 3882 id,
883 3801 968 3892 quod
991 3802 1088 3872 latine
1111 3801 1245 3868 dicitur:

78 3921 213 4002 ordine,
247 3945 336 3987 νινιυε
352 3931 438 4013 poet
469 3923 638 4002 alterum,
662 3946 732 4014 por
765 3927 877 4002 vices,
919 3923 1068 3989 articulus
1102 3936 1249 3990 constan·

15 4071 16 4114 3
78 4051 119 4105 ter
158 4045 333 4124 omittitur,
377 4045 425 4110 uti
467 4045 640 4110 necessario
673 4047 816 4134 sequitur
850 4069 886 4112 er
921 4046 987 4135 ipsa
1021 4046 1088 4110 eius
1121 4057 1246 4110 natura.

77 4161 167 4230 Recte
202 4165 298 4254 igitur
330 4189 361 4232 r.
399 4187 427 4231 e.
466 4164 643 4232 Herodotus
678 4167 800 4256 scripsit
835 4165 896 4230 vu
929 4216 937 4230 .
969 4169 1055 4230 212:
1088 4203 1133 4216 -
1164 4166 1249 4230 κατα

15 4257 17 4286 ⁸
74 4279 154 4350 έίνειι
173 4285 392 4365 κεκοσμημένοι
411 4287 442 4351 έν
462 4286 549 4368 μέρειΙ
566 4284 723 4367 έμιίχοντν
744 4289 820 4362 eri„
845 4287 900 4352 ubi
920 4285 1091 4352 absurdum
1114 4287 1193 4350 foret
1217 4287 1248 4351 ἐν

15 4373 17 4466 l
74 4407 111 4483 τῷ
134 4405 238 4486 μέρεϊ,
265 4406 349 4496 qnod
373 4406 568 4473 solummodo
592 4419 677 4473 recte
701 4405 851 4487 haberet,
876 4409 902 4473 si
922 4409 1102 4498 scripsisset:
1125 4403 1247 4472 ἕκαστος

15 4469 18 4588 ί
72 4525 99 4587 ἕν
117 4529 161 4607 τῷ
186 4529 269 4609 με’ρέιΙ
287 4529 352 4595 κτέ.
385 4527 483 4594 Recte
506 4529 583 4596 item
608 4528 785 4618 Xenophon
808 4529 840 4593 in
872 4527 973 4594 Anah.
1001 4526 1072 4591 vll.
1094 4528 1114 4590 6
1140 4529 1157 4610 §
1181 4531 1244 4591 36:

15 4719 17 4730 p
73 4649 176 4715 ταλαοὶ
197 4649 431 4746 κινδυνεύσαντα
450 4651 503 4718 καί
526 4651 557 4716 ἐν
576 4653 619 4732 τῷ
637 4651 722 4734 μέρει
742 4651 797 4718 καί
813 4649 898 4732 ταρίι
922 4649 956 4715 τὸ
978 4644 1066 4724 μέρος
1083 4648 1148 4712 νιτὲ.
1159 4693 1168 4724 ,
1194 4647 1247 4710 ubi

1003 4767 1019 4815 3
