2990 5012
825 493 869 558 34

283 679 406 747 aionem
435 678 604 748 inserentis
633 682 771 760 μεθύειν
803 683 878 746 ante
906 676 981 758 μεθ’
1014 679 1116 760 ήμῶν.
1143 678 1177 745 Si
1200 697 1312 746 revera
1333 685 1402 746 sunt

284 795 382 862 verbs
403 794 550 862 Alexidis
572 815 637 862 non
659 792 835 876 Athenaei,
862 790 948 876 qued
970 791 1077 860 forsan
1095 791 1181 858 haud
1202 793 1317 860 iniuria
1337 795 1401 880 pla-

284 909 376 974 cebat
398 908 595 992 Hirsehigie,
619 907 794 976 deleverim
812 905 917 992 potins
936 905 1057 974 variam
1076 905 1243 976 leetienem
1264 911 1357 988 νόμος
1370 932 1401 972 τε

285 1027 317 1088 et
340 1022 536 1108 scripserim:

464 1141 536 1210 ταῖς
561 1131 695 1218 ἡμέραις
718 1133 854 1208 ταύταις
879 1131 913 1196 δὲ
940 1132 1100 1214 κωμάζειν
1125 1132 1225 1208 ἕδος

464 1247 553 1314 ἐστίν
576 1246 665 1332 μεθ’
690 1249 804 1331 ἡμῶν
829 1248 887 1322 τὰς
911 1247 1042 1331 ἑταίρας
1067 1245 1200 1312 ἐνθάδε.

327 1477 405 1560 Pag.
428 1475 504 1542 509.
529 1477 682 1543 Ineunt.
706 1476 799 1542 Fab.
823 1476 936 1560 fragm.
960 1476 1010 1542 X:

396 1591 472 1655 ”Aa
496 1593 800 1672 πιττοκοπούμενὸν
826 1589 889 1656 τιν’
915 1595 935 1671 ἤ
958 1588 1157 1674 ξυρούμενον

396 1705 485 1788 ὁρᾷς,
512 1703 607 1770 δυοῖν
632 1707 756 1769 τούτων
782 1703 870 1790 ἔχειν
895 1701 947 1769 δεῖ
968 1709 1123 1788 θάτερον·

395 1823 417 1898 ἤ
439 1820 513 1901 γὰρ
538 1823 793 1902 στρατεύειν
819 1819 965 1884 ἐπινοεῖν
988 1842 1043 1898 μοι
1068 1814 1223 1901 φαίνεται

396 1935 452 1994 καί
473 1937 584 1997 πάντα
608 1938 654 2016 τῷ
679 1935 813 2011 πώγωνι
839 1929 920 2017 δρᾶν
945 1929 1097 2012 ἐναντία,

396 2049 417 2126 ἤ
439 2043 642 2112 πλουσιακὸν
667 2051 772 2130 τούτῳ
796 2071 827 2110 τι
852 2045 1050 2130 προσπίπτει
1075 2049 1177 2112 ιιαιιὸν
1207 2049 1274 2111 ντί.

288 2158 486 2244 „Ingeniose
508 2159 675 2228 Jacobsius
697 2165 718 2242 ἤ
739 2166 1058 2244 μαστροπεύειν
1083 2162 1229 2226 ἐπινοεῖν
1253 2165 1320 2224 ντί.
1345 2161 1412 2228 Sed

288 2291 419 2358 „neque
448 2273 602 2358 particulo
634 2276 696 2358 γὰρ
727 2274 892 2344 commode
922 2293 1030 2342 earere
1059 2275 1150 2358 lieet,
1179 2294 1239 2342 nee
1266 2298 1412 2358 μαστρο-

289 2389 428 2473 ῃπεύειν
458 2387 502 2454 sie
530 2387 593 2456 diei
622 2395 727 2474 potest
756 2389 826 2456 sine
849 2391 980 2454 ἑαυτὸν.
1006 2390 1076 2456 Ηοο
1094 2395 1202 2456 tamen
1220 2395 1340 2456 eertum
1364 2397 1415 2456 est

288 2521 372 2588 „pro
405 2507 594 2585 στρατεύειν
625 2502 743 2586 requiri
773 2503 923 2586 verbum,
953 2523 1017 2587 quo
1039 2503 1242 2570 cinaederum
1264 2505 1415 2570 mollities

289 2613 503 2700 „indicetur”
536 2617 586 2682 Ita
615 2616 789 2682 rectissime
817 2615 937 2684 iudicat
965 2617 1020 2700 M.;
1052 2615 1164 2700 quiin
1187 2615 1351 2684 addendis
1376 2638 1415 2683 ae

288 2727 493 2815 corriperetis
522 2749 579 2796 eur
608 2736 761 2798 memoret
784 2729 937 2796 Erfurdtii
959 2730 1088 2796 inanem
1106 2729 1417 2816 interpretationem,

286 2862 398 2925 quam,
427 2842 454 2909 si
480 2843 560 2909 tanti
584 2849 649 2928 est,
680 2843 754 2911 vide
784 2843 870 2930 apud
897 2843 1002 2930 ipsum
1024 2865 1055 2930 p.
1079 2844 1139 2927 92,
1162 2864 1227 2911 nen
1248 2845 1343 2930 plane
1368 2845 1417 2911 in-

285 2956 405 3040 telligo.

330 3070 522 3136 Persuasum
545 3069 622 3136 mihi
646 3075 700 3145 est
717 3091 768 3138 me
790 3091 811 3136 a
836 3090 912 3138 vere
935 3090 999 3138 nen
1021 3072 1131 3157 preeul
1153 3073 1316 3140 aberrasse
1338 3092 1417 3139 een-

286 3181 464 3249 iieientem:

419 3300 514 3376 ἤτοι
540 3299 616 3382 γὰρ
641 3302 837 3380 ἑταιρεῖν
863 3298 1008 3364 ἐπινοεῖν
1032 3323 1087 3380 μοι
1112 3301 1278 3381 φαίνεται.
1471 3377 1472 3380 ¹

332 3415 501 3492 Ἕταιρεῐυ
525 3410 611 3496 apud
634 3417 759 3478 veteres
781 3411 935 3498 imprimis
957 3413 1167 3498 usurpabatur
1186 3413 1227 3481 de
1246 3414 1419 3496 umectis,
1471 3481 1472 3504 ρ

287 3523 390 3590 rarius
413 3523 453 3590 de
476 3525 671 3592 mulieribus.
696 3525 765 3591 Hoe
787 3546 883 3592 sensu
906 3533 1012 3593 tamen
1035 3527 1212 3594 adhibitum
1229 3529 1380 3597 invenies
1399 3552 1422 3596 a

285 3637 561 3720 Phuenieide,
585 3659 688 3706 nevae
714 3639 896 3706 comoediae
918 3647 1029 3726 poeta,
1054 3641 1087 3707 in
1106 3641 1219 3727 fragm.
1239 3644 1424 3710 exineertn

285 3749 394 3817 sabula
414 3773 466 3838 ap.
488 3753 576 3820 Steb.
600 3753 685 3819 Fler.
709 3753 764 3818 VI.
791 3753 835 3818 30
859 3751 968 3842 (Mem.
992 3755 1038 3821 IV
1060 3776 1092 3840 p.
1116 3753 1196 3844 511)
1220 3777 1267 3822 vs.
1294 3759 1311 3822 1
1337 3778 1402 3843 sq.:

419 3869 464 3948 μυί
488 3871 548 3946 τὴν
574 3865 777 3950 Ἀφροδίτην
802 3867 859 3930 οὐκ
883 3871 927 3932 ἂν
951 3867 1159 3952 ὑπομείναιμ’
1185 3868 1248 3948 ἔτι,
1471 3895 1472 3932 ι

419 3983 569 4059 Πυθιάς,
595 3984 804 4064 ἑταιρεῖν·
831 3978 982 4066 χαιρέτω·
1008 3985 1074 4046 ντί.

328 4206 407 4291 Pag.
431 4203 508 4274 543.
532 4207 736 4275 Diodoris
759 4206 1035 4276 ΑΤΛΗΤΡΙΣι
