2944 5002
772 345 815 409 64

198 527 329 594 Mittunt
360 530 495 596 Romani
526 531 644 620 legatos
674 529 915 622 Carthaginem,
942 531 1055 622 quibus
1080 533 1242 623 negotium
1266 533 1381 598 datur.

196 649 268 728 ἕξαί
267 673 353 726 τησιν
373 653 468 716 αὐτοῦ
497 649 654 740 (Ἀννίβα)
675 654 877 729 ποιήσασθαι,
903 651 961 719 κίον
986 655 1043 732 μὲν
1068 656 1189 721 ἐκδῶσιν
1213 657 1325 732 αύτθ,ν
1354 655 1382 721 εί

196 769 232 858 (l.
267 771 335 859 ἐύιν)
374 771 404 837 δὲ
434 775 478 850 μη
491 821 501 850 ,
521 773 573 838 τὸν
597 797 621 837 π
622 771 733 850 θθλεμν
755 779 862 856 σφισιν
887 773 1093 853 ε’παγρεῖλαι.
1135 775 1206 841 Hic
1229 775 1383 865 singulari

192 891 320 956 fortuna
341 892 458 982 ellipsis
480 892 649 959 sciolorum
671 915 784 958 manus
801 895 931 984 effugit,
954 895 1108 961 Zonaram
1124 897 1263 986 effugere
1274 896 1380 962 erdem

191 1035 256 1078 non
286 1013 390 1093 licuit;
414 1015 469 1104 qui
491 1013 547 1078 lib
577 1013 694 1080 Vlll:
729 1017 793 1094 22,
815 1014 870 1080 ubi
889 1014 1001 1082 cedern
1021 1041 1039 1082 e
1063 1015 1165 1083 Ilione
1189 1015 1377 1108 descripsit,

191 1147 260 1224 post
290 1136 384 1200 αὐτὸν
370 1135 446 1201 vde
470 1157 526 1201 suo
550 1134 726 1225 supplerit·
752 1136 892 1219 ἡσυχίαν
910 1134 1011 1215 ἄνειν.
1046 1137 1167 1204 llcdem
1189 1139 1282 1202 modo
1306 1137 1381 1204 loco

190 1267 295 1320 nostro
318 1255 471 1320 vocabulo
496 1257 629 1332 ποιήσειν
652 1255 764 1328 αύπονς
788 1257 875 1338 θρίοις
895 1257 1109 1346 epitomatons
1121 1253 1457 1348 supplementum

188 1397 254 1441 esse
276 1377 464 1465 putaverim.
491 1375 553 1442 Sed
573 1375 653 1442 nihil
676 1375 885 1456 mutandum,
911 1400 985 1442 nam
1006 1391 1108 1443 totum
1126 1378 1233 1444 locum
1247 1376 1380 1444 lliodori

187 1497 262 1562 satis
287 1498 394 1586 inepte
422 1509 544 1564 mutata
568 1499 801 1565 constructione
825 1499 1022 1589 descripsisse
1045 1499 1167 1565 videtur
1189 1499 1377 1590 eclogarius.

187 1616 343 1684 Diodorus
377 1617 514 1685 scribere
540 1643 570 1684 r.
598 1641 627 1685 c.
653 1620 776 1708 potuit.
802 1615 1047 1702 ίΗφησεν”
1029 1643 1085 1686 οτι·
1108 1621 1162 1686 lala
1186 1623 1242 1698 μὲν
1267 1622 1378 1700 ἐμμεί-

187 1763 255 1805 νοισι
293 1746 364 1814 ταῖς
392 1739 571 1818 ὁμολογίαις
595 1743 756 1819 ’7,Ριιμαοι
781 1741 835 1806 iola
857 1741 889 1807 δὲ
912 1743 972 1818 μη,
996 1743 1081 1814 θεονς
1105 1743 1457 1824 ἐπιμαρτύρομαι

185 1861 366 1939 θμννεισθαι
390 1859 461 1934 τοὺς
485 1859 591 1926 ἀδίκου
614 1860 751 1940 πολέμου
776 1859 996 1942 κατιίρξαντας
1021 1861 1106 1928 κατὰ
1129 1861 1236 1928 πάντα
1252 1861 1375 1943 τρίπον.
1456 1907 1457 1950 3

185 1981 280 2048 Initio
302 1981 396 2048 huius
420 1983 559 2071 excerpti
580 1981 684 2047 deleas
709 1981 878 2048 articulum
905 2003 979 2048 cum
1002 1983 1066 2072 pal.
1093 1981 1166 2048 Vat.
1192 1985 1225 2048 in
1248 1984 1373 2050 verbis:

184 2097 230 2167 θ’τι
259 2101 299 2189 [ὃ]
327 2099 453 2182 Μοίραις
476 2102 620 2179 Αἰμίλιος
644 2103 709 2167 κτὲ.

230 2221 293 2288 Sed
328 2220 525 2287 redeundum
560 2233 606 2287 est
638 2221 677 2286 ad
712 2221 750 2286 lr.
787 2221 853 2300 lv,
879 2223 935 2288 ubi
957 2247 1001 2288 rs.
1029 2227 1071 2290 10
1095 2224 1227 2314 legitur:
1255 2233 1316 2296 τοῖς
1342 2225 1376 2290 δὲ

184 2344 239 2418 την
281 2339 461 2418 πλεονεξίαν
495 2343 513 2418 ἥ
548 2365 619 2406 τινα
650 2339 750 2416 σ’ίλλην
781 2343 893 2408 κακίαν
918 2345 933 2407 ε’
941 2345 1182 2423 πανελομθνιις.
1230 2345 1377 2411 Verbum
1456 2371 1457 2430 ι

185 2464 443 2544 ἐπαναιρεῖσθαι
472 2475 517 2528 est
546 2465 742 2554 suscipere,
775 2465 883 2553 itaque
915 2465 1086 2531 rectissime
1116 2465 1232 2531 dicitur
1258 2468 1374 2531 ἐπανε-

184 2585 289 2651 λε’σύαι
310 2584 443 2663 πόλεμον
456 2597 488 2650 et
500 2585 633 2664 similia,
659 2585 733 2664 sed,
758 2598 794 2649 ut
813 2607 906 2651 nemo
920 2585 1032 2651 Latine
1044 2585 1168 2652 dixerit:
1192 2591 1374 2677 susca'psere
1456 2613 1457 2696 ,

184 2710 378 2776 avaritiam
391 2707 527 2770 aliasve
540 2707 654 2770 malas
678 2714 798 2785 artes,
820 2708 864 2771 sic
884 2707 1087 2772 ἐπανελέσθαι
1105 2706 1284 2785 πλεονεξίαν
1304 2710 1372 2772 art.

186 2829 305 2895 Graece
336 2825 506 2891 absurdum
534 2839 591 2892 est.
642 2825 871 2916 Oomigendum
895 2827 1035 2894 ridetur:
1062 2835 1125 2901 τοῖς
1150 2829 1181 2894 at
1200 2829 1255 2902 την
1278 2844 1372 2895 πλεο·
1456 2883 1457 2912 ,

183 2946 285 3025 νεξίαν
297 2985 343 2998 -
353 2947 594 3028 προελομένας,
613 2969 686 3012 nam
699 2945 830 3014 verbum
842 2950 1062 3029 προαιρεῖσθαι,
1083 2947 1167 3014 unde
1182 2951 1373 3030 προαίρεσις,

184 3071 337 3162 imprimis
368 3068 452 3158 apud
476 3068 644 3156 Polybium
668 3081 701 3134 et
723 3068 897 3135 Diodorum
923 3069 984 3136 hac
1010 3071 1043 3135 in
1071 3093 1105 3137 re
1132 3071 1372 3137 usitatissimum
1456 3141 1457 3168 ἒ

183 3205 240 3260 cst.
289 3191 361 3258 Non
400 3212 481 3255 roro·
508 3191 680 3280 opponitur
707 3190 850 3274 φεύγειν.
899 3189 1084 3280 Sequuntur
1113 3191 1210 3258 haec:
1241 3196 1294 3258 ούιι
1324 3196 1372 3266 είς
1456 3217 1457 3264 3

182 3312 307 3394 μααρίον
338 3313 392 3386 τὴν
415 3313 625 3392 προσήκουσαν
650 3311 844 3394 ἐφίστησι
868 3312 1023 3392 τιμωρίαν.
1072 3311 1144 3380 Scio
1171 3325 1202 3380 et
1225 3310 1373 3402 intelligo
1456 3349 1457 3352 ι

183 3433 259 3524 quid
282 3435 321 3498 sit
341 3431 509 3516 ἑφισποίνοιι
533 3430 651 3512 φόβον,
677 3430 833 3510 οίνοίρκην,
861 3432 1059 3510 κατάπληξίν
1088 3457 1157 3500 τινι.
1205 3431 1266 3500 Sed
1297 3435 1370 3517 ε’φι-
1456 3477 1457 3506 ;

181 3555 293 3620 σπιίναι
315 3554 372 3620 τινί
392 3552 540 3635 τιμωρίαν
560 3551 610 3618 rel
628 3551 713 3627 δίκην
731 3573 795 3616 non
806 3551 899 3618 facile
911 3553 995 3642 apud
1007 3553 1164 3620 Graecum
1181 3557 1367 3645 scriptorem
1456 3541 1457 3572 ³

181 3677 329 3743 inuenies.
378 3674 490 3741 Graeci
520 3674 600 3740 haec
623 3673 815 3739 substantiva
837 3673 903 3739 fere
928 3661 1108 3741 constanter
1129 3676 1266 3766 iungunt
1291 3701 1369 3745 curn

182 3799 277 3864 verbo
304 3797 468 3862 ἐπιτιθέναι
501 3820 526 3862 s.
560 3801 754 3887 imponere,
784 3817 882 3885 quare
914 3795 953 3862 ll.
987 3797 1122 3862 scribere
1150 3799 1272 3888 potuit:
1307 3801 1367 3875 τὴν
1456 3835 1457 3840 1

182 3919 391 4002 προσήκουσαν
422 3917 635 3992 ἐπιτίθησι
664 3917 820 4000 τιμωρίαν.
869 3915 932 3983 Sed
957 3918 1032 4006 quia
1055 3920 1195 4008 proxime
1219 3941 1368 4009 praeces-
1456 3903 1457 3978 Ῠ

182 4051 289 4107 serunt
313 4038 424 4104 rerba:
450 4039 546 4103 οίκεῖα
569 4046 624 4113 τῆς
648 4041 758 4119 αρετῆς
780 4036 904 4104 ἔπαθλα
928 4039 1148 4116 ἐπιτίθησι,
1173 4040 1268 4106 talem
1290 4061 1369 4107 mu-

181 4163 333 4229 tationem
346 4160 449 4225 minus
461 4157 657 4250 probabilem
670 4181 735 4225 esse
747 4158 863 4225 iudico.
895 4160 977 4225 Fieri
991 4183 1117 4250 quoque
1129 4185 1218 4252 posse
1230 4185 1293 4228 non
1306 4186 1370 4229 ne-

181 4307 233 4375 go,
253 4295 289 4349 ut
301 4282 465 4366 ἒφίστησι,
479 4281 622 4371 quamvis
633 4303 713 4346 nore
724 4279 865 4360 dictum,
887 4293 994 4346 tamen
1007 4305 1024 4346 a
1038 4281 1174 4348 Diodoro
1186 4283 1369 4374 proiectum

183 4407 232 4470 sit.
270 4405 308 4470 In
327 4405 540 4494 patrocinium
564 4415 648 4468 certe
669 4403 774 4468 noceri
796 4403 911 4492 poterit
935 4403 1058 4492 Polybii
1081 4405 1169 4471 locus
1193 4407 1225 4472 II
1240 4431 1248 4470 ι
1264 4411 1308 4472 20
1321 4410 1370 4475 sic

184 4525 362 4590 scribentis:
388 4528 404 4601 ύ
425 4525 509 4606 τύχη
529 4523 638 4589 ὡσανεί
659 4525 798 4603 λοιμικήν
818 4549 888 4589 τινα
909 4525 1044 4605 πολέμου
1067 4526 1368 4603 διθύεσινὲπέστησε

185 4646 263 4709 τοῖσι
308 4643 488 4722 Γαλιίπαις,
524 4643 579 4710 ubi
607 4644 736 4710 terbum
762 4645 927 4730 ε’φισποίναι
951 4648 1197 4736 interpretantur
1220 4671 1276 4738 per
1300 4655 1370 4715 ina-
