2932 5004
669 367 729 429 125

86 547 195 614 scribi
224 549 413 638 Λεύκολλος)
446 549 610 628 πυθόμενος
643 549 863 631 διαβεβηκέναι
888 550 939 614 τὸν
962 551 1091 632 πορθμὸν
1110 549 1281 629 Σερουίλιον

87 667 191 734 ratos
211 669 387 750 στρατηγόν
407 669 455 734 ἐπί
474 671 526 745 την
544 670 689 752 διαδοχὴν
705 675 759 736 τοῦ
777 669 929 750 πολέμου,
950 671 1019 744 τούς
1036 695 1071 734 τε
1091 669 1282 750 στρατιώταις

86 790 240 854 ἀπέλυσε
265 792 317 856 καί
353 791 444 863 τοὺς
469 789 617 872 κόρακας
640 791 692 856 καί
716 792 776 865 τοὶς
800 791 997 864 κατασκευίις
1022 791 1175 871 ἐνέπρησε.
1222 791 1283 855 Le-

91 909 241 998 gendum
260 909 399 976 ridetur:
422 907 441 976 ό
445 936 481 976 τι
505 911 697 984 Λούκουλλος
716 949 762 959 -
778 909 997 991 διαβεβηκέναι
1019 923 1050 976 et
1070 933 1168 999 prope
1184 911 1282 975 finem

92 1030 178 1102 τοὶς
206 1030 354 1112 χώρακας
382 1055 455 1098 curn
479 1031 548 1098 cod.
576 1031 670 1110 Vae,
696 1033 816 1120 inquo
841 1031 885 1096 Μ.
911 1032 1031 1121 legerat
1053 1031 1281 1114 περιχώρακας.

94 1150 281 1216 Pronomcn
299 1151 501 1232 reflarirum,
524 1151 607 1241 quod
626 1153 780 1218 sententia
792 1152 947 1242 postulat,
971 1152 1080 1218 ritiurn
1093 1153 1238 1240 concepit
1249 1153 1282 1216 in

95 1270 205 1335 serbis
228 1271 346 1336 ultimis
368 1273 462 1338 huius
485 1275 642 1364 excerpti,
667 1295 749 1362 quae
771 1274 815 1338 sic
838 1272 1003 1339 scribenda
1025 1286 1116 1338 sunt:
1140 1273 1283 1352 ὑπελόμ-

96 1393 184 1470 βανε
201 1401 239 1474 τῇ
259 1391 367 1476 τούτου
385 1395 565 1460 ταπεινώσει
583 1393 637 1459 καί
655 1392 762 1478 οίδοξίορ
782 1393 833 1458 καί
851 1394 905 1468 την
929 1395 1072 1459 ἐαυτοῦ
1096 1394 1284 1476 κατηγορίαν

98 1511 311 1588 καταλύσεως
343 1537 400 1602 pro
430 1516 484 1589 τίιν
515 1514 657 1580 τούτου
687 1517 771 1593 κτὲ.,
801 1537 881 1603 quae
903 1514 998 1580 lectio
1022 1514 1105 1580 unde
1129 1527 1202 1580 nata
1227 1517 1284 1592 sit,

100 1634 321 1722 unusquisque
344 1633 439 1700 ridet.

147 1753 204 1818 Fr.
237 1753 287 1819 111
323 1753 366 1839 (X
396 1757 414 1839 §
446 1753 478 1843 2)
503 1777 548 1820 rs.
576 1757 636 1820 10:
673 1755 757 1832 μετὰ
782 1756 940 1821 δὲταῦτα
965 1755 1285 1836 διαπρεσβευίντων

99 1874 156 1938 καί
181 1873 374 1954 παραδόντων
398 1875 525 1948 ἑαυτούς
545 1876 610 1940 κτέ.
660 1873 800 1939 Verbum
823 1875 1055 1955 διαπρεσβεύειν
1077 1875 1203 1940 nullum
1226 1887 1285 1941 est.

103 1991 295 2060 constanter
330 1995 441 2060 Graeci
471 1995 637 2060 verborum
666 1995 942 2076 διαπρεσβεύεσθαι
965 2007 996 2060 ct
1019 1996 1285 2076 διακηρυκεύεσθαι

103 2126 241 2180 utuntur
262 2115 363 2180 forma
382 2114 506 2194 media,
532 2137 628 2204 quarn
646 2115 702 2181 hio
721 2137 848 2205 quoque
869 2137 979 2182 revoca
998 2115 1181 2182 scribendo:
1201 2117 1287 2196 μετα

103 2235 135 2299 δὲ
159 2239 265 2300 ταῦτα
290 2215 636 2316 διαπρεσβευομένων
659 2237 712 2301 καί
737 2237 982 2318 παραδιδόντων
1006 2236 1131 2310 ἑαυτούς
1155 2238 1218 2302 κτὲ.

151 2355 240 2440 Quae
269 2355 388 2421 ibidem
419 2369 594 2444 sequuntur
626 2360 671 2445 (p.
708 2355 784 2443 165)
816 2381 860 2422 rs.
895 2361 935 2422 15
969 2357 1012 2443 (X
1044 2359 1120 2446 §3)
1146 2358 1178 2422 in
1201 2358 1288 2424 hunc

103 2473 237 2541 modurn
271 2476 417 2542 ridentur
450 2474 631 2564 refingenda
668 2499 752 2542 esse:
788 2476 841 2541 καί
875 2477 927 2540 τόν
963 2485 1140 2543 τελευταῖον
1175 2481 1288 2544 αὐτῶν

104 2597 178 2686 (pro
207 2595 327 2683 αὐτόν)
359 2597 411 2661 τόν
442 2595 579 2677 Σοίτυρον
609 2596 761 2662 οίνελθυτα
793 2598 913 2662 αὐτόν
947 2597 1015 2686 (pro
1045 2597 1149 2662 τούτου
1172 2598 1212 2683 δ’)
1238 2599 1287 2664 ἐπί

104 2721 202 2782 πῖστιν
217 2717 400 2801 αὐτοχειρίᾳ
415 2719 544 2798 ἡρωικῶς
558 2719 776 2800 καταστρέψαι
793 2719 815 2783 i.
830 2741 859 2785 e.
879 2727 913 2782 et
927 2715 1093 2804 Satyrum
1115 2717 1287 2806 (serunt),

103 2848 258 2903 mactato
282 2840 402 2902 horum
426 2840 566 2918 ultimo,
589 2843 702 2928 speum
714 2849 799 2929 post
821 2863 933 2904 omnes
950 2848 1082 2904 ceteros
1101 2862 1166 2904 sua
1187 2863 1289 2904 manu

97 2960 254 3046 sortiter
278 2967 418 3024 mortem
443 2960 513 3024 sibi
538 2964 758 3024 conscivisse.
800 2947 803 2952 ¹

152 3079 206 3144 Fr.
233 3079 279 3144 lv
296 3103 329 3168 p.
359 3081 422 3144 166
446 3102 490 3144 rs.
518 3083 537 3144 4
561 3079 681 3145 soloace
705 3078 870 3144 scribitur:
895 3082 921 3142 οἱ
944 3080 1008 3160 ρθιρ
1032 3045 1289 3146 ώποστώταιίτών

105 3201 257 3280 ὑπαίθρων
288 3206 468 3282 κρατοῦντες
502 3201 693 3280 ἀνεπίβατον
723 3203 933 3266 ἐποιοῦντο
963 3203 1018 3276 την
1045 3201 1161 3280 χώραν.
1212 3199 1290 3268 Cor·

106 3323 208 3410 rigas:
235 3321 402 3386 ἐποίουν
425 3321 489 3386 κτὲ.

152 3441 206 3506 Fr.
240 3440 270 3504 V
301 3441 371 3506 init.
407 3441 482 3531 (XII
516 3443 533 3526 §
565 3441 618 3530 2):
656 3437 700 3507 ότι
732 3449 908 3522 Σατορνῖνος
933 3477 978 3490 -
1000 3441 1118 3518 ταμίας
1144 3440 1290 3522 ύποίρχων

105 3565 165 3636 είς
188 3561 243 3637 την
267 3561 302 3638 ἐξ
321 3563 461 3636 Ὠστίας
485 3563 526 3632 είς
550 3563 606 3637 τίην
622 3564 739 3642 Ῥώμην
755 3567 809 3628 τοῦ
830 3562 914 3627 σίτου
933 3561 1145 3643 παρακομιδὴν
1157 3561 1289 3641 ἐτύχθη.

107 3683 265 3748 Graecum
288 3695 334 3748 est
358 3683 419 3749 hoo
446 3706 538 3748 sensu
560 3682 729 3750 τιίττεσθαι
754 3683 806 3748 ἐπί
824 3707 854 3748 τι
877 3703 942 3746 non
965 3679 1008 3754 είς
1032 3704 1072 3744 τι.
1121 3679 1221 3746 Notus
1244 3695 1290 3748 est

106 3827 213 3870 rcrsus
247 3803 512 3893 Aristophaneus:
550 3805 627 3870 ἀλλ’
662 3800 720 3869 ίσα
754 3804 811 3882 μὲν
847 3801 905 3868 δεῖ,
925 3799 1006 3884 ῥώμη
1039 3800 1205 3881 προίττειν,
1240 3803 1289 3870 ἐπί

107 3927 213 3990 ταῦτα
249 3922 431 4002 τεταξόμεθ’
467 3927 566 4002 ἡμεῖς.
622 3925 707 3990 Loco
737 3937 843 3990 nostro
881 3922 1077 4012 scripserim:
1104 3960 1149 3972 -
1172 3925 1291 4004 ταμίας

107 4043 256 4126 ὑπάρχων
284 4045 300 4108 ἐ
310 4045 352 4110 πί
384 4045 439 4119 τίην
471 4042 505 4120 ἐξ
526 4045 666 4118 Ὠστίας
689 4045 731 4116 είς
760 4043 840 4131 [την]
869 4045 992 4124 Ῥώμην,
1007 4048 1060 4108 τοῦ
1084 4044 1169 4110 σίτου
1193 4069 1291 4124 παρα-

105 4165 231 4244 κομιδὴν
272 4164 402 4246 ἐτύχθη.
456 4164 572 4230 Contra
608 4189 653 4230 rs.
694 4169 734 4230 13
769 4166 885 4230 inserto
921 4163 1053 4228 articulo
1089 4163 1289 4228 scribendum

105 4285 249 4352 ridetur:
284 4285 487 4364 ἐπιτιμήσεως
511 4286 607 4368 ἐτυχε
632 4285 712 4374 (τῆς)
738 4283 955 4368 προσηκούσης.
1006 4285 1093 4370 Quae
1117 4295 1292 4371 sequuntur

104 4405 242 4472 reddunt
272 4406 387 4472 horurn
417 4405 584 4473 verborum
613 4409 784 4487 rationem,
810 4408 917 4497 itaque
942 4406 985 4472 sic
1009 4401 1171 4472 scribenda
1195 4415 1287 4468 sunt:

105 4531 124 4604 ἠ
160 4527 238 4608 γὰρ
271 4525 399 4616 (legitur
426 4527 480 4616 δὲ)
513 4527 688 4606 σύγκλητος
721 4527 829 4617 (αὐτοῦ
862 4526 976 4613 insere)
1013 4523 1204 4604 παρελομένη
1236 4525 1292 4599 την

105 4645 245 4726 ἐξουσίαν
257 4647 428 4731 παρέδωκεν
448 4647 491 4716 ἄν
500 4663 549 4730 κιρ
564 4649 725 4738 (vulgator
736 4647 805 4716 ι’ίλκ
814 4673 844 4715 οι
855 4648 885 4734 ς)
898 4648 952 4724 την
965 4643 1149 4710 ἐπιστασίαν
1162 4642 1289 4718 ταύτην.
