2990 5012
508 1263 779 1372 onear
827 1267 947 1412 nr

319 1516 382 1576 AD
418 1513 742 1576 FRAGMENTA
778 1515 1101 1576 OOMIOORUM.

190 2115 330 2184 Cnnrnn
354 2123 503 2206 Παιτίνης
528 2118 640 2206 fragm.
665 2119 752 2208 apud
777 2119 881 2187 Schoi.
907 2117 1001 2186 Arist.
1029 2118 1087 2207 pq.
1113 2119 1195 2184 399:

236 2233 336 2302 Ἀλλ’
354 2239 627 2324 ἐπακατρέψαι
652 2240 808 2324 βούλομαι
835 2245 879 2316 εἷς
905 2243 959 2306 τὸν
985 2238 1081 2318 λόγον
1109 2244 1172 2302 xri.

192 2349 236 2416 ita
259 2351 371 2438 legunt
395 2370 432 2417 ex
457 2349 643 2419 coniectura
672 2351 792 2418 Bentlei
817 2372 893 2442 pre:

413 2467 484 2532 ἀλλ’
513 2469 844 2554 ἐπαιαστρέψαι
870 2475 935 2535 κτέ.

146 2579 200 2646 eni
223 2578 352 2646 lectioni
377 2591 515 2648 metrum
540 2580 739 2648 adversatur.
786 2582 825 2648 nt
849 2601 944 2648 nerno
966 2601 1109 2666 unquam
1134 2579 1270 2646 Graeco-

146 2715 219 2761 rum
245 2694 342 2761 verbe
367 2699 685 2783 ἐπανατρὲπεια
710 2716 791 2763 usus
817 2707 946 2764 estant
970 2694 1272 2784 ntipotuitrever-

148 2811 238 2877 tendi
261 2831 377 2890 sensu,
410 2831 507 2899 quern
538 2812 708 2880 manifesto
732 2813 904 2880 verberum
930 2821 1099 2880 contextus
1124 2809 1270 2898 requirit.

149 2925 214 3013 Ego
238 2946 305 2994 non
328 2925 459 3007 dubito,
484 2927 563 3015 quin
587 2947 701 2994 verum
725 2927 784 2995 sit:

256 3044 329 3111 ἀλλ’
356 3047 629 3130 ἐπαναθρὲξαι
653 3048 808 3132 βούλομαι
833 3052 925 3129 πρὸς
952 3050 1008 3113 τὸν
1036 3044 1141 3126 λόγον.

148 3157 322 3243 quaesere
355 3158 553 3246 respondent
585 3159 773 3227 notissimae
797 3170 962 3226 oratorum
990 3157 1163 3224 formulae:
1191 3162 1271 3225 ὅθεν

148 3273 182 3340 δι’
207 3279 284 3356 πρὸς
303 3272 393 3342 ταῦτ’
418 3276 545 3363 ἐξέβην,
569 3282 728 3360 ἐπάνειμι.
766 3273 901 3340 Formae
925 3282 1032 3340 autem
1058 3275 1214 3359 θρίξομαι
1241 3282 1272 3338 et
1320 3297 1322 3301 ·

147 3389 263 3471 αρέξαι
287 3407 346 3475 pro
364 3390 543 3475 δραμοῦμαι
562 3397 594 3454 et
610 3393 757 3477 δραμεῖν,
780 3388 852 3457 lieet
876 3387 1014 3456 rariores
1035 3386 1112 3466 sint,
1131 3385 1270 3476 optimae

147 3509 254 3592 tamen
278 3513 373 3570 notae
398 3523 470 3570 esse
494 3502 559 3570 noli
584 3503 749 3571 dubitare:

192 3615 287 3683 Arist.
313 3617 440 3684 Thesm.
458 3620 522 3684 657
547 3625 600 3685 καὶ
629 3622 856 3706 περιθρέξαι
871 3627 929 3704 τὴν
944 3625 1062 3686 nitiva
1079 3629 1186 3686 πᾶσαν
1201 3626 1266 3685 κτὲ.

241 3755 254 3794 n
305 3731 382 3798 Ran.
398 3733 461 3798 193
474 3740 592 3800 οὔκουν
611 3760 694 3819 περι
705 3735 770 3818 epe
778 3737 795 3812 ξ
803 3763 834 3801 ιι
852 3736 934 3816 δῆτα
947 3741 1006 3817 τὴν
1021 3735 1138 3820 λίμνην
1153 3734 1268 3820 κύκλῳ.

148 3843 192 3911 ct
217 3845 298 3913 Nuh.
326 3849 429 3924 1005,
455 3845 525 3913 Pac.
552 3849 626 3913 261.
674 3845 761 3913 Plato
785 3845 871 3913 Corn.
897 3868 947 3934 ap.
974 3846 1068 3913 Bekk.
1094 3847 1204 3914 anecd.
1236 3869 1268 3936 p.

148 3963 230 4026 427:
248 3964 517 4046 α’ποθρέξεις·
541 3971 841 4049 συναπατροχάσιις.
868 3959 1071 4048 Corrigatur:
1091 3967 1170 4030 eine
1184 3967 1271 4047 θρέ-

148 4079 227 4155 ξιι·
259 4079 501 4164 απατροχάσιις.
528 4074 699 4162 Reliquum
724 4073 841 4142 Cratini
866 4076 974 4143 locuni
999 4077 1186 4157 emendate,
1215 4076 1271 4165 qui

149 4187 277 4278 poterit.

194 4303 427 4372 Pnnnncntrrs
454 4307 761 4375 Δουλοδιδασκάλου
787 4307 823 4372 fr.
849 4309 899 4396 pp
921 4308 1034 4375 Athen.
1057 4307 1105 4375 Vl.
1123 4330 1150 4397 p.
1169 4311 1231 4375 305
1251 4311 1270 4376 s.

241 4424 376 4506 κίθαρος
403 4433 599 4504 γεγενῆσθαι
628 4425 818 4505 κᾶγαράζιια
844 4427 980 4510 κίθαρος
1003 4431 1060 4492 ὤν.

240 4541 283 4614 ὡς
307 4543 437 4619 <tyanae
465 4565 499 4619 γε
523 4541 541 4602 ό
562 4541 698 4622 κίθαρος
716 4543 769 4603 καὶ
799 4545 876 4623 πρὸς
904 4539 1115 4617 ’Λπόλλωνος
1141 4548 1227 4606 πάνυ
