2946 5014
822 361 864 424 22

321 535 407 602 Stob.
430 535 511 604 Flet.
535 537 700 616 XLVIII,
725 539 766 604 19
787 539 921 604 serravit
941 537 1145 626 fragmentum
1163 533 1406 619 adoreamque

276 653 396 722 Procne
416 655 556 722 miseram
581 655 741 722 mulierum
766 657 927 722 miseratur
952 657 1173 722 conditionem.
1197 653 1344 730 Puellae,
1365 652 1407 716 iu·

276 772 362 856 quit,
385 773 419 836 ia
442 773 526 836 domo
545 781 681 859 paterna
703 776 801 838 citam
825 776 945 857 opimus
958 775 1109 859 salicem,

323 915 324 920 ¹
388 897 406 952 6
427 878 506 954 ὅταν
528 883 556 954 d'
576 885 609 964 ἐς
626 879 707 977 ἥβην
727 880 899 974 &gadara
921 884 1101 977 ἔμφρονες,

428 989 587 1084 ὠθούμείῖ
608 995 671 1081 ἔξω
691 999 745 1066 καὶ
767 992 1033 1084 διεριπολοέμεθα

1466 3529 1467 3596 l

429 1111 513 1178 θεῶν
533 1103 697 1202 πατρῴων
717 1114 781 1180 τοῖν
799 1137 836 1179 τε
859 1105 1033 1203 φυσώντων
1055 1103 1143 1179 dinc·

429 1220 541 1308 οἱμὲν
562 1223 674 1306 ξένους
695 1219 782 1314 πρὸς
802 1217 942 1315 ἄνδρας,
964 1223 1000 1292 αἱ
1021 1225 1059 1292 δέ
1079 1212 1290 1312 βαρβάρους,

369 1345 405 1402 10
427 1335 462 1404 αῖ
482 1328 512 1402 d’
533 1336 581 1414 εἰς
596 1330 742 1428 ἄκέφρα
763 1330 896 1424 δώμαθ’,
918 1337 953 1406 αἱ
975 1330 1004 1405 d'
1026 1335 1209 1424 έπέρροθα·

427 1447 481 1514 καὶ
501 1443 605 1532 ταῦτ’,
629 1445 762 1520 ἐπειδᾶν
783 1441 928 1540 εὐφρόνη
950 1442 1047 1540 ζεύξῃ
1069 1449 1147 1534 μία,

429 1554 534 1648 χρεών
556 1561 697 1629 ἐπαινεῖν
718 1563 772 1630 καὶ
792 1565 897 1630 δοκεῖν
916 1563 1020 1639 καλῶς
1042 1558 1135 1648 ἔχειν.

320 1675 375 1741 Vs.
400 1681 441 1742 10
467 1676 504 1741 de
520 1679 697 1747 coniectura
719 1703 783 1746 mea
802 1681 911 1766 scripsi
935 1668 1060 1766 ἅκληρα
1080 1665 1216 1760 δώματα
1229 1673 1249 1738 i.
1268 1697 1293 1739 a.
1313 1677 1411 1739 damur

275 1815 400 1878 cyanea,
421 1792 512 1879 quale
540 1795 614 1880 quid
639 1797 793 1860 sententia
817 1797 971 1881 requirere
1006 1793 1138 1860 videtur.
1174 1790 1270 1858 Godd.
1296 1791 1411 1856 variant

274 1909 365 1974 inter.
385 1902 488 2000 ἀληθῆ
510 1918 541 1976 et
564 1901 644 2004 ‹id-dp
666 1919 696 1976 et
720 1905 832 2002 ἁλυθῆ.
857 1909 1125 1986 Schneidewinus‚
1154 1913 1233 1974 teate
1253 1907 1410 1991 Nauckio‚

276 2031 458 2092 tentaverat:
481 2014 690 2116 dicepti-rid
712 2023 893 2116 ἐπίρροθα,
925 2027 978 2094 sed
1010 2027 1063 2090 vix
1096 2025 1255 2111 cuiquam,
1288 2023 1412 2112 opinor,

275 2165 309 2205 ea
332 2141 513 2206 coniectura
537 2139 679 2228 placebit.
715 2141 787 2228 Ipsa
816 2141 983 2228 aliquando
1019 2143 1190 2208 mutatione
1212 2163 1307 2230 prope
1331 2138 1411 2206 nulla

276 2257 471 2324 scribendum
486 2256 679 2344 suspicabar:
702 2257 737 2324 ai
758 2247 788 2324 δ’
801 2253 849 2332 εἰς
871 2249 998 2348 α’γηθῆ
1014 2247 1137 2340 δώμαθ’
1156 2259 1213 2322 i.e.
1227 2258 1412 2324 trieterica-

274 2374 461 2462 madilesque
487 2367 613 2451 domam
633 2371 817 2460 comparatis
842 2361 984 2461 edyadric
1006 2378 1037 2436 et
1065 2362 1257 2462 πολυγηθὴς.
1279 2372 1323 2438 Et
1337 2393 1413 2438 noua

274 2489 442 2577 procudere
478 2487 625 2556 vocabula
657 2489 730 2555 licet
758 2488 949 2576 periculosae
985 2489 1026 2552 sit
1060 2486 1183 2580 plenum
1212 2508 1294 2576 'opus
1316 2487 1412 2564 aleae,

253 2607 452 2672 etiamnunc
477 2606 530 2672 vix
552 2629 598 2670 me
621 2604 781 2692 prohibeo,
805 2606 969 2692 quominus
992 2605 1036 2668 ita
1056 2601 1241 2692 Sophoclem
1256 2603 1413 2691 scripsisse

275 2719 458 2810 perhibeam.
475 2721 633 2788 Iudicium
657 2727 759 2788 tamen
785 2720 842 2787 hac
862 2723 900 2788 de
921 2743 955 2788 re
977 2743 1024 2786 me
1048 2719 1239 2786 doctioribus
1262 2721 1413 2808 permitto.

771 2945 928 2958 unna-

321 3105 408 3171 Stcb.
431 3105 481 3184 X,
504 3110 563 3171 25:
587 3104 795 3192 Σοφοκλέους
819 3107 955 3194 Τηρεῖ·

434 3209 637 3308 Φιλάργυρον
657 3216 716 3302 μέν
737 3217 802 3284 πᾶν
822 3210 861 3284 ad
882 3206 1051 3305 βάρβαρον
1071 3211 1171 3300 γένος.

190 3399 193 3410 ,
321 3333 471 3420 Compara
504 3331 930 3422 soph.Anaig.vs.1055‚
958 3330 1012 3396 ubi
1044 3329 1144 3396 Gracc
1171 3327 1221 3396 his
1245 3328 1345 3396 uerbis
1365 3329 1413 3393 in·

278 3455 383 3536 crepat
410 3450 576 3516 Tiresiam:

359 3551 361 3556 ¹
475 3557 516 3632 cd
535 3557 688 3649 μαντικὸν
706 3557 770 3652 γαρ
788 3562 854 3630 νεᾶν
871 3551 1074 3651 φιλάργυρον
1091 3557 1189 3646 γένος.

277 3679 337 3746 Oui
363 3675 418 3744 ille
441 3680 579 3766 reponit:

476 3788 514 3860 ad
532 3791 575 3860 δέ
597 3815 638 3878 νε
659 3782 820 3878 τυράννων
837 3786 1101 3880 αἰσχροκέρδειαν
1120 3787 1221 3877 φιλεῖ.

278 3904 436 3992 Vulgatur
467 3929 643 3994 perperam:
676 3895 715 3973 ad
737 3897 767 3972 δ’
782 3903 816 3968 ἐκ
835 3894 1012 3994 τυράννων,
1034 3905 1055 3970 i.
1079 3927 1104 3969 a.
1129 3911 1328 3991 tyrannoram
1344 3902 1416 3990 fiat

279 4028 310 4086 et
321 4025 462 4106 φρουρὴ·
484 4029 516 4090 at
539 4047 601 4089 non
626 4022 686 4088 hoc
707 4020 808 4088 voluit
835 4026 942 4108 poeta,
966 4043 1084 4086 verum:
1104 4027 1303 4107 tyrannorum
1321 4041 1417 4105 ριιινι

276 4137 298 4202 ν’.
322 4159 347 4202 a.
370 4141 505 4224 tyranni.
541 4137 772 4206 Particularum
803 4131 840 4200 δέ
854 4155 891 4219 γε
913 4137 946 4202 in
970 4137 1156 4224 reponendis
1180 4137 1332 4202 conviciis
1353 4131 1416 4198 sol·

276 4252 406 4322 lamaem
435 4279 526 4326 usum
545 4279 612 4324 asae
631 4256 756 4342 ignorat
773 4275 873 4318 nemo.
894 4252 969 4319 aaut
990 4273 1084 4338 quum
1113 4253 1217 4318 minus
1236 4258 1320 4320 recte
1340 4273 1416 4316 cou-

277 4368 417 4435 iicorem:
438 4365 476 4434 ad
498 4365 529 4436 δ’
549 4359 590 4436 οὗ
615 4365 678 4436 aad.

1466 4569 1467 4600 l

1466 4603 1467 4650 l
