2974 5016
587 412 646 474 157

55 585 90 646 In
114 582 171 646 fine
191 580 316 668 legitur:
349 577 432 660 pecc}
453 571 516 668 peip
538 575 679 660 α’σπίδες
699 586 750 652 καί
772 580 912 678 δόρατος
931 590 1095 658 εἰώθεσαν
1121 587 1180 668 τάς

54 688 187 776 πομπάς
208 697 343 758 ποιεῖν.
368 691 559 779 corrigerem
580 693 721 776 πέμπειν
744 701 790 766 vel
811 707 998 783 ποιεῖσθαι,
1022 706 1083 770 nisi
1105 705 1180 771 haec

54 808 141 872 verba
160 813 248 872 vetus
274 805 426 870 scholium
450 809 557 894 potius
585 835 674 896 quum
700 813 902 900 Thucydideo
925 839 989 882 esse
1012 825 1158 904 putorem.

97 923 169 1008 Cap.
203 925 245 986 61
279 922 297 1004 t
324 922 534 1007 1extnpoet
564 927 728 994 vocabula:
760 923 843 1014 μετά
862 931 921 996 τοῦ
952 923 1054 998 αὐτοῦ
1082 924 1181 1018 λόγου

54 1059 154 1102 eorum
178 1038 501 1121 interpretamentum:
530 1036 583 1102 καὶ
614 1041 673 1128 τῆς
702 1041 906 1124 ξυνωμοσίας
936 1041 991 1108 ἐπὶ
1020 1045 1069 1128 τῷ
1088 1036 1181 1132 δῆμον

55 1151 213 1218 delendum
237 1156 299 1227 eet,
322 1151 439 1236 scripto
466 1151 575 1216 deinde
605 1143 670 1218 ’ὑπ’
698 1150 819 1228 ἐκείνου
850 1146 955 1220 ἐδόκει
985 1157 1183 1243 πραχθῆναι.

57 1269 166 1334 Paucis
176 1264 379 1350 interpositis,
391 1265 472 1354 lege:
494 1259 581 1354 πρὸς
601 1255 767 1340 Βοιωτοάς
787 1257 1008 1354 πράσσοντες,
1029 1274 1183 1355 expuncto

53 1383 162 1448 vocula
192 1405 241 1458 τι,
262 1401 340 1464 quae
366 1381 519 1468 originem
550 1379 639 1444 debet
662 1379 800 1463 sequenti
825 1379 977 1446 liternum
1010 1381 1042 1444 in
1076 1372 1183 1470 πράσ-

53 1519 174 1572 σοντες.
196 1495 273 1560 Mox
295 1492 380 1580 lege:
404 1494 458 1560 καί
476 1515 584 1567 τινες
606 1495 674 1580 (pro
696 1498 778 1582 τινα)
803 1492 880 1576 μίαν
895 1483 991 1558 νάκτα
1009 1490 1073 1560 κτὲ.

99 1613 172 1696 Cap.
186 1609 227 1674 68
241 1610 310 1674 init.
337 1607 392 1674 ἐπὶ
411 1601 480 1674 τόν
499 1600 618 1673 αὐτόν
639 1600 755 1694 άγυλνα.
779 1611 878 1695 Lege:
908 1603 963 1672 ἐπὶ
993 1605 1184 1681 τοιοῦτον

52 1723 168 1810 ἀγῶνα.
192 1725 239 1789 Ib.
263 1725 280 1808 p
305 1725 324 1787 2
345 1743 422 1786 vere.
446 1720 536 1786 finem
560 1720 627 1808 lege
649 1717 763 1810 ὥσπερ
784 1714 886 1810 ἡμᾶς,
910 1729 1064 1805 expuncto
1086 1717 1150 1785 καί.

98 1841 172 1926 Cep.
196 1844 237 1904 72
260 1839 330 1902 init.
353 1837 477 1899 inverso
499 1837 607 1900 ordine
626 1836 746 1902 malim:
770 1831 803 1908 ἐς
823 1825 969 1920 Κατάνην
988 1829 1041 1894 καὶ
1063 1820 1183 1909 Νάξον.

98 1955 174 2041 Cup.
197 1959 238 2018 80
265 1955 283 2038 t
306 1950 493 2018 3init.dele
517 1947 550 2015 οἱ
572 1945 766 2038 Συρακόσιοι
788 1957 819 2014 et
840 1971 909 2013 mox
932 1943 1051 2010 scribe:
1074 1939 1185 2007 εἶκαὶ

52 2061 98 2154 μη
121 2065 297 2151 πείσομεν,
329 2067 445 2132 incerto
475 2063 539 2131 καί.
559 2067 634 2152 ’Μ
662 2065 795 2156 emendo}
814 2055 1001 2153 τιμήσονται
1033 2080 1087 2145 pro
1113 2057 1185 2123 rut.

54 2182 139 2244 Pass.
162 2169 408 2267 τιμηθήσονται.

98 2296 174 2380 Gap.
198 2294 239 2358 87
265 2293 282 2376 ᾧ
306 2296 326 2356 2
349 2300 426 2360 extr.
449 2285 506 2360 οὐκ
526 2285 657 2383 άκλητοι
679 2289 958 2385 [παρακληθέντες
977 2285 1028 2371 δὲ]
1048 2278 1143 2374 ἥκειν.

99 2412 230 2497 captu
250 2407 329 2472 med.
350 2401 408 2496 τήν
429 2403 500 2474 οὐκ
520 2395 621 2474 οὖσαν
642 2399 846 2474 άνακτᾶσίλαι
866 2403 928 2468 dici
941 2401 1057 2486 nequit.
1081 2397 1190 2462 Scribe

53 2513 179 2590 οὐκέτ’
199 2509 307 2586 οὖσαν.
382 2561 384 2564 -

99 2638 176 2722 Gap.
211 2639 251 2698 96
288 2631 474 2697 vocobulum
510 2632 653 2698 ultimum
684 2630 967 2721 παραγίγνωνται
993 2629 1130 2690 mutetur
1153 2623 1187 2686 in

53 2747 340 2836 παραγίγνοιντυ.

100 2861 178 2946 Gap.
200 2864 240 2924 97
260 2859 337 2923 med.
362 2860 500 2947 corrigo:
522 2849 568 2932 ὠς
590 2857 702 2934 ἓκαςος
723 2847 843 2942 τάχους
865 2848 974 2940 εἶχον
993 2873 1048 2940 pro
1071 2842 1145 2934 εἶχε.

99 2976 212 3042 LIBER
235 2974 312 3038 VII.

102 3089 182 3176 Gap.
208 3094 248 3155 15
274 3087 352 3154 med.
375 3083 431 3155 διά
452 3079 576 3174 [νόσον]
596 3089 751 3176 νεφρῖτιν.

100 3205 178 3292 Cap.
204 3208 260 3269 17:
282 3201 336 3268 καὶ
357 3197 390 3266 ἐκ
411 3201 470 3286 τῆς
490 3190 592 3286 άλλης
612 3189 866 3284 Πελοποννήσου
888 3193 921 3260 οἱ
939 3183 1193 3272 Λακεδαιμόνιοι

52 3325 103 3407 τῴ
129 3310 222 3402 unicui
242 3307 358 3402 τρόπῳ
381 3309 611 3398 [πέμψαντες]

101 3437 181 3519 Cup.
205 3434 246 3496 2⁷
283 3430 354 3514 §22
388 3416 469 3490 ὅθεν
490 3412 595 3512 ἦλθον
617 3420 665 3514 [ἐς
688 3413 829 3509 Θρᾴκην]
859 3415 1076 3500 ἀποπέμπειν.
1117 3415 1194 3480 Mox

54 3554 73 3636 p
92 3553 114 3616 3
133 3547 244 3612 Attico
261 3565 346 3609 more
358 3539 550 3624 scripserim:
574 3534 627 3601 καί
647 3533 679 3600 ἐν
700 3539 770 3608 τοῖς
797 3522 936 3619 πρώτη
960 3553 1014 3617 pro
1039 3519 1193 3616 πράτοις,

101 3665 180 3750 Cap.
204 3664 246 3726 36
272 3659 343 3744 ᾖδε
364 3651 418 3718 καὶ
438 3645 495 3738 τήν
516 3648 548 3715 ἐν
567 3649 616 3734 τῷ
635 3638 765 3734 μεγάλῳ
788 3644 890 3726 λιμένι
909 3642 1103 3726 ναυμαχίαν,
1137 3633 1196 3706 οὐκ

53 3779 94 3845 ἐν
142 3772 279 3857 πολλῷ
318 3767 456 3839 πολλαῖς
485 3759 596 3828 ναυσὶν
628 3747 744 3840 οὖσαν,
776 3751 863 3844 πρός
893 3755 1016 3822 ὲαυτιῦν
1046 3749 1195 3819 ἔσεσθαι.

54 3891 237 3958 Scholiasta
260 3885 496 3970 interpretatur:
529 3865 586 3940 mix
617 3867 650 3936 ἐν
678 3868 806 3954 πσλλιηῐ]
838 3857 1010 3954 διαςὴματι
1040 3854 1195 3950 δηλονότι.

55 4009 150 4080 Quin
179 4005 373 4090 reponimus,
405 3984 462 4058 οάκ
483 3988 520 4054 ἐν
539 3985 642 4070 καλῷ
662 3983 801 4060 πολλαῖς
822 3977 884 4046 κτὲ.
908 3981 928 4045 i.
952 4003 976 4045 e.
1001 3981 1033 4044 in
1055 3981 1118 4042 loco
1137 4001 1197 4042 uon

54 4127 172 4188 idoneo
188 4137 318 4205 magnae
338 4109 462 4178 nuvium
483 4100 703 4170 multitudini?
728 4097 896 4182 Sequentia
919 4098 937 4181 t
954 4099 975 4160 4
996 4094 1116 4159 duobus
1140 4095 1198 4157 im-

56 4234 300 4324 portunissimis
322 4224 481 4294 liberanda
505 4227 578 4286 sunt
599 4215 881 4302 interpretamentis
902 4209 1063 4278 διεκπλεῖν
1086 4215 1117 4272 et
1134 4199 1199 4285 άςε

56 4347 105 4436 μή
128 4347 314 4435 περιπλεῖν.
335 4343 383 4408 Of.
405 4338 508 4406 Schol.
