2974 5016
628 447 689 510 127
775 459 776 462 ’

89 589 213 672 Bothii‚
243 599 375 676 sirecte
394 610 535 688 memini,
562 609 839 710 παραδιόρθωσις
865 633 1041 714 reponenti:
1064 628 1215 709 θάνατοι.

88 705 170 772 Narn
192 704 273 776 κατὰ
291 703 434 782 θάνατοι
454 712 533 788 εἶναι
552 749 608 812 pro
641 734 830 820 τεθνηκέναι
875 744 1027 812 Graecum
1059 771 1122 816 non
1152 775 1218 820 osse

87 821 178 900 satis,
202 825 303 906 oredo,
325 840 456 903 constet
479 839 565 914 Quid
588 845 710 932 igitur?
736 842 896 938 (θανόντα,
918 859 944 923 si
968 864 1142 944 monadis,
1170 874 1217 936 est

84 933 238 1020 glossema
255 945 399 1014 vocabuli
420 955 527 1021 minos
545 958 698 1046 vulgaris,
710 965 908 1054 scripsitque,
924 975 955 1038 ni
970 977 1102 1044 multum
1114 981 1215 1064 fallor,

84 1049 272 1136 Sophocles:
301 1059 335 1127 τί
353 1057 432 1153 χρῆ,
456 1063 657 1156 φθίμενόν
688 1070 777 1165 ond
795 1072 1002 1154 κέθαπνον
1035 1093 1097 1179 (sie
1130 1104 1215 1165 reete

84 1163 259 1254 Dobraeus)
285 1161 363 1240 ὅντα
381 1183 500 1266 solvan
524 1184 571 1250 cf.
595 1208 638 1252 vs.
661 1189 780 1256 antistr.
805 1201 881 1274 963,
905 1200 957 1266 nbi
982 1210 1087 1274 neseio
1109 1233 1213 1280 annon

82 1287 219 1364 praestet
251 1286 384 1356 seribere
415 1282 579 1378 πρόκλαον
610 1324 693 1367 more
722 1306 894 1393 Sophocleo
928 1318 996 1384 sine
1029 1337 1212 1412 augmento,

80 1395 155 1478 qnia
177 1398 258 1483 apud
286 1401 370 1470 hune
396 1415 515 1492 poetam
538 1419 709 1484 carminum
736 1423 965 1508 strophieornrn
1001 1445 1032 1502 et
1064 1441 1213 1508 antistro-

79 1507 241 1593 phieornnr
265 1515 406 1604 singulae
429 1524 567 1609 syllabae
590 1531 650 1596 sibi
675 1535 858 1620 respondere
881 1545 992 1612 solent.

124 1625 181 1692 Vs.
205 1633 282 1695 987:
305 1619 359 1720 ἆρ’
377 1629 518 1728 έξήδης
538 1637 616 1711 ὅσον
636 1646 699 1714 uri.
721 1652 825 1740 Lege:
848 1653 888 1735 ἐξ
895 1649 1039 1748 ᾔδησθ’
1058 1657 1145 1734 ὅσον.

124 1741 180 1808 Vs.
194 1747 292 1812 1⁰15:
337 1737 407 1813 οὐδ’
427 1741 595 1840 α’παρέιξαι
614 1760 719 1846 κρᾶτα
737 1763 815 1844 βίου
837 1767 931 1835 θέλει

337 1854 462 1943 μολών
480 1865 540 1930 τοῦ
562 1875 712 1958 ςυγεροῦς
736 1877 803 1963 φεῦ
823 1881 898 1964 φεῦ.

72 2054 220 2121 Fortasse
239 2050 349 2139 μολών
371 2076 548 2151 corruptum
568 2075 615 2132 est
632 2091 685 2136 ex:
701 2011 808 2158 lilerio,
831 2083 865 2141 nt
878 2079 1044 2148 Genitivus
1054 2083 1131 2166 βίου
1145 2088 1206 2158 τοῦ

71 2173 218 2258 ςυγεροῠ
235 2171 360 2253 habeat,
384 2177 465 2242 unde
488 2203 653 2267 suspensus
679 2186 730 2251 sit.

119 2283 176 2349 Vs.
200 2289 300 2353 1046:
324 2279 352 2354 ol
373 2284 479 2356 πολλοὶ
500 2287 540 2382 δὴ
561 2291 615 2362 καὶ
643 2292 755 2386 θερμά
785 2295 857 2369 κου’
881 2299 982 2394 λόγῳ
1011 2301 1111 2376 κακαὶ
1138 2309 1203 2380 xri.

65 2396 167 2470 Quod
191 2405 398 2489 reponendum
422 2405 619 2494 suspicabar:
642 2409 709 2476 καὶ
729 2402 853 2498 λόγων
874 2417 999 2508 πέρα,
1023 2423 1202 2494 iamdudum

66 2519 143 2578 ante
160 2538 207 2580 me
228 2520 424 2606 proposuisse
449 2521 640 2590 Wunderunr
661 2548 745 2590 nuno
770 2527 866 2594 video.
889 2531 982 2598 Certa
1005 2542 1066 2614 est,
1089 2540 1116 2604 si
1139 2563 1200 2626 qua

64 2628 154 2709 alia,
178 2633 357 2698 emendatio.

115 2744 172 2808 Vs.
199 2747 298 2812 1175:
322 2747 385 2810 dei
405 2741 435 2812 α’
455 2737 502 2814 αὖ
521 2749 682 2834 γενέσθαι.
713 2755 871 2822 Partienla
894 2749 1018 2827 erinon
1039 2773 1086 2832 eet
1104 2765 1198 2834 huius

59 2859 142 2924 loci.
162 2859 305 2927 Fortasse
327 2867 607 2950 transponendum:
628 2887 671 2930 σε
702 2870 764 2934 δεῖ
790 2871 944 2956 γενέσθαι
971 2878 1056 2961 τῷδε
1084 2874 1198 2971 τάνδρὶ

56 2963 247 3058 σύμμαχοι.

571 3183 693 3198 μ..-

98 3333 278 3402 Addantnr
301 3335 377 3404 haee
396 3361 516 3426 ponem

96 3451 287 3516 Erno'rnaa
314 3474 360 3518 vs.
388 3457 467 3520 1⁷0:
499 3452 532 3520 rt
558 3455 620 3545 γὰρ
652 3449 709 3523 οὐκ
739 3457 812 3542 ἐμοὶ
842 3454 971 3549 ἔρχεται
1002 3455 1194 3552 ἀγγελίας

43 3554 336 3650 duernionem,-
359 3561 422 3632 αἐὶ
440 3566 499 3646 μέν
517 3563 579 3659 γαρ
600 3575 719 3652 ποθεῖ,
751 3572 911 3637 nonore
940 3596 998 3638 ουκ
1019 3577 1104 3656 αξιοι
1126 3608 1193 3672 φα.

42 3679 157 3766 νῆναι.
186 3677 343 3745 Fortasse:
365 3677 399 3745 ol
419 3674 482 3769 γαρ
502 3672 575 3764 οὐχί
593 3705 650 3764 μοι
673 3676 801 3770 ἔρχεται
822 3685 904 3766 (soil.
925 3689 1066 3777 Orestes)
1087 3684 1193 3781 ἅγγε-

40 3793 167 3866 tiores
198 3781 449 3882 doroverniam
477 3783 541 3858 o’el
562 3792 624 3859 κτέ.
647 3796 703 3874 vel,
726 3797 808 3884 qnod
833 3800 937 3864 eodem
958 3803 1057 3871 redit:
1081 3797 1190 3894 n'yye-

38 3905 164 3979 λίαις
189 3893 347 3969 :inaneis
371 3902 404 3988 μ’
429 3899 513 3990 oisl,·
535 3901 597 3974 αἰεὶ
618 3909 676 3992 μὲν
695 3909 759 3976 κιέ.
801 3913 895 3987 Quod
929 3918 1189 4008 interpretantur:

37 4022 122 4106 quid
146 4018 235 4081 miti
256 4019 394 4085 mittitur
414 4023 598 4098 nuntiorum,
625 4030 707 4111 qaod
727 4052 787 4094 oon
805 4032 978 4116 saltatur?
1000 4037 1045 4102 ita
1074 4039 1190 4104 Graece

36 4137 103 4203 dici
128 4153 233 4223 posse
255 4135 322 4200 sine
349 4137 469 4202 idoneis
493 4141 640 4225 exemplis
664 4165 753 4208 nemo
771 4145 845 4208 rnihi
875 4149 1078 4231 persuadebit.
1157 4256 1164 4282 Ι

82 4253 145 4316 Vs.
176 4251 264 4314 838:
288 4247 396 4336 ἕρκεσι
421 4249 611 4340 κρυφθέντα
639 4259 835 4339 γυναικῶν.
866 4259 982 4328 Immo:
1005 4289 1190 4351 ynvoexoc

37 4363 262 4456 (Eriphyle).
