2944 5002
144 503 150 518 ¹
255 483 359 570 Quam
390 508 503 574 parum
534 485 650 554 ἐπίνοια
680 509 706 550 ε.
733 483 966 550 ιἰοινοιοίοοιιιίι.
991 484 1014 550 ί.
1045 486 1231 564 conueniat,
1257 483 1365 552 cadit'
1357 509 1384 550 m

208 605 327 672 oeulos.
354 606 448 672 Haud
471 607 567 674 dubie
593 606 765 696 requiritur
789 607 951 672 sollertia
975 615 1080 695 atquae
1096 605 1312 697 prudentie,
1330 629 1385 694 qua

206 739 337 817 propter
355 726 528 794 Diodorum
546 727 669 796 dedisse
687 726 839 794 arbitror:
864 727 914 794 διοὶ
933 736 989 803 τῆς
1009 727 1197 808 οίγχινοίας
1216 725 1385 805 ἡνιίγκασεν

205 845 280 912 οίνεν
304 846 415 930 μαχης
445 849 529 927 κτὲ.,
553 847 872 938 quemadmodumr.
899 870 925 915 o.
951 849 984 914 in
1008 847 1081 914 libr.
1109 848 1200 914 ΧΧΧ
1222 848 1263 912 fr.
1289 851 1329 913 25
1351 847 1387 913 de

207 963 342 1034 Aemilio
366 970 477 1036 Paullo
499 970 680 1060 praedicat.
707 970 758 1035 διδο
777 977 833 1044 τῆς
853 971 931 1044 ίδίας
951 971 1182 1052 ἀγχινοίας
1202 969 1294 1034 καίτ
1274 967 1387 1047 τίλμης

204 1089 441 1169 κατεπολέμησε
464 1091 534 1164 τοὺς
558 1089 753 1164 Μακεδόνας.
798 1089 940 1156 Tandem
963 1090 995 1156 in
1016 1089 1128 1156 ultima
1145 1088 1239 1156 huius
1256 1091 1388 1179 excerpti

204 1210 333 1298 periodo
364 1212 561 1301 scripserim:
597 1213 632 1278 τδ
663 1213 694 1278 δὲ
723 1219 903 1278 τελευταῖον
933 1213 997 1278 aaa
1028 1219 1083 1286 τῆς
1113 1211 1253 1291 οὶνδρείας
1280 1213 1388 1276 τεκαὶ

205 1331 401 1412 στρατηγίας
427 1332 559 1416 μεγοίλη
580 1330 756 1414 παρατύξει
780 1333 832 1398 τδν
855 1331 996 1408 οίνίκητον
1019 1331 1225 1412 γεγενημένον
1245 1331 1389 1410 Ἀννίβαν

203 1453 474 1532 καταπολεμήσας
505 1451 619 1530 ίίττησε
647 1455 702 1529 την
734 1453 931 1536 Καρχηδόνα.
981 1453 1084 1543 Vulgo
1112 1474 1278 1543 perperam
1310 1452 1390 1541 Iegi-

203 1582 273 1638 tur:
299 1573 417 1650 ἕκτης
440 1573 579 1656 οὶνδρείας
596 1575 662 1640 cri.
687 1573 876 1663 Perpetuam
899 1595 966 1640 esse
988 1572 1103 1638 hurum
1122 1574 1390 1664 praepositionum

204 1693 442 1774 confusionem,
468 1717 564 1762 nemo
587 1693 682 1760 hodie
705 1693 878 1760 docendus.

1447 1693 1448 1742 ι

247 1813 322 1880 Plus
349 1816 468 1905 negotii
500 1816 624 1882 facessit
656 1815 758 1906 prima
777 1810 1005 1882 sententiafr
1009 1813 1160 1880 ,ΧΧΙΧ
1198 1813 1304 1900 (XXJ:
1342 1810 1389 1880 ὅτι

202 1935 216 1999 ί
259 1937 394 2002 Σκιπίων
438 1936 489 2002 δια
531 1937 566 2004 τὸ
608 1937 739 2016 μίγείος
774 1942 832 2002 τῶν
867 1959 893 2000 π
894 1932 1008 2016 ροίξεοιν
1042 1933 1210 2016 βαρύτερος
1247 1933 1393 2014 ἐφαίνετο

201 2060 254 2120 τοῦ
289 2063 345 2130 της
381 2057 525 2137 πατριδος
559 2055 746 2136 οίξιύματος.
786 2055 1048 2138 κατηγορούμενος
1083 2055 1146 2136 γὰρ
1178 2053 1237 2118 ὑπ’
1260 2057 1392 2120 αὐτῶν
1447 2069 1448 2152 ρ

1447 2247 1448 2286 ι

201 2175 313 2255 δεινῷ
354 2175 492 2258 ύανοίτῳ,
527 2177 724 2258 παραλαβὼν
758 2177 809 2242 τὸν
844 2175 937 2254 λύγον
971 2181 1059 2242 τοῦτο
1094 2174 1184 2254 μόνον
1219 2171 1304 2240 εἶπεν
1343 2172 1391 2242 dr:
1447 2157 1448 2246 ί

201 2296 361 2373 Ῥωμαίοις
393 2297 425 2360 ού
458 2296 565 2376 πρέπει
598 2299 668 2364 κατ’
703 2298 799 2362 αὐτοῦ
833 2297 936 2378 φέρειν
970 2301 1076 2378 ψῆφον
1101 2297 1164 2359 κτὲ.
1213 2295 1295 2362 Nam
1318 2309 1392 2362 tum
1447 2301 1448 2372 i

200 2413 309 2482 durius
340 2415 464 2482 ridetur
493 2441 668 2507 pronomen
698 2419 797 2484 αὐτῶν
821 2417 936 2482 referre
960 2415 999 2480 ad
1022 2437 1154 2506 sequens
1176 2437 1293 2482 nomen
1315 2440 1394 2506 pro-

199 2539 306 2628 prium
327 2540 487 2618 Ῥωμαίοις
513 2538 690 2629 (siquidem
702 2561 796 2605 nemo
820 2561 893 2606 noo
907 2539 1012 2628 potius
1035 2537 1226 2627 scripsisset:
1252 2561 1392 2618 κατηγο·

196 2658 336 2742 ρούμενος
370 2661 433 2742 γοδρ
469 2660 528 2725 ὑπὸ
561 2661 760 2740 Ῥωμαίων
783 2698 828 2710 -
850 2656 936 2726 εἶπεν
970 2655 1014 2726 ἔτι
1047 2657 1221 2746 αὐτοῖς),
1245 2671 1334 2738 tum,
1362 2662 1392 2725 si
1447 2663 1448 2744 ί

200 2779 412 2846 Grammatico
440 2780 472 2846 id
501 2794 681 2870 pateretur,
712 2793 873 2872 respueret
902 2794 1007 2847 tamen
1031 2780 1202 2858 sententia,
1236 2781 1393 2869 quomam

197 2923 269 2967 reus
293 2901 445 2989 agebatur
465 2901 505 2967 ab
525 2925 590 2968 uuo
610 2915 791 2991 accusatore
805 2902 860 2988 (cf.
875 2925 918 2968 rs.
931 2907 994 2968 26:
1021 2903 1035 2968 δ
1057 2901 1088 2968 δὲ
1107 2903 1275 2983 κατήγορος
1294 2901 1392 2981 μόνος

196 3018 409 3108 ἀπολειφθείς)
434 3043 499 3086 non
520 3043 538 3086 a
563 3023 725 3089 Romanis.
773 3021 896 3090 Deinde
921 3021 998 3113 quid
1022 3022 1082 3088 sibi
1105 3021 1173 3089 ruIt
1196 3021 1392 3088 adieetivum
1447 3021 1448 3096 ξ

196 3141 287 3215 δεινὸς
319 3140 404 3231 quod
428 3143 597 3232 sequitur?
645 3142 731 3209 Num
755 3144 852 3232 iqitur
876 3143 1084 3222 Africanum,
1109 3143 1135 3208 si
1158 3141 1392 3222 damnaretur,
1447 3149 1448 3224 j

194 3261 345 3328 manebat
373 3262 532 3328 crudelius
564 3285 660 3352 quam
691 3262 767 3328 alios
790 3263 954 3330 damnatos
978 3263 1189 3353 supplicium,
1215 3286 1255 3328 an
1279 3263 1391 3352 quid?
1447 3245 1448 3298 3

195 3383 337 3450 Tandem
376 3382 534 3449 Graecum
574 3405 639 3450 non
677 3396 724 3450 est
764 3386 1001 3466 κατηγορεῖσθαι
1030 3383 1168 3466 ίανοίτςι;
1194 3383 1254 3452 sed
1288 3408 1396 3462 καση-
1447 3399 1448 3442 1

193 3507 345 3587 γορείσίαι
382 3503 515 3571 ίανοίτον
550 3504 599 3570 rel
634 3505 683 3570 ἐπί
720 3505 840 3588 ίανοίτῳ
869 3507 999 3574 seriores
1022 3505 1127 3572 dicere
1151 3505 1271 3582 solent,
1298 3507 1393 3572 anti·
1447 3539 1448 3600 ι

194 3627 319 3714 quiores
345 3627 494 3708 κρίνεσθαι
520 3625 662 3692 ίοινοίτον.
710 3627 867 3716 Equidem
899 3627 979 3694 nihil
1010 3627 1144 3718 amplius
1167 3627 1392 3716 requirerem,
1447 3613 1448 3692 J

194 3746 220 3811 si
258 3747 434 3834 legeretur:
471 3747 732 3828 κατηγορούμενος
766 3749 829 3831 γὰρ
866 3749 940 3815 ύπύ
970 3773 1078 3822 τινος
1115 3750 1153 3814 ἐν
1187 3749 1238 3830 τῷ
1272 3748 1394 3832 δήμῳ

192 3865 370 3932 ύανοίτου
391 3903 437 3916 -
459 3869 531 3932 κατ’
554 3869 649 3933 αὐτοῦ
672 3867 776 3952 Φίρειν
811 3867 905 3956 (την)
926 3874 1042 3952 ψῆφον.
1085 3866 1136 3936 cf.
1159 3867 1180 3933 l.
1209 3869 1392 3938 XXXVIII

188 3988 232 4054 fr.
259 3991 278 4052 4
302 3986 386 4052 med.
1447 3961 1448 4010 1

237 4105 321 4196 Quid
339 4107 550 4198 supplendum
578 4111 617 4176 sit
645 4108 763 4176 ibidem
790 4133 834 4180 rs.
864 4113 906 4176 29
930 4109 1046 4176 frustra
1059 4112 1216 4200 quaesivi.
1253 4111 1392 4204 Nempe
1447 4107 1448 4188 J

190 4227 292 4296 Maius
321 4229 442 4318 prImus
473 4231 517 4296 sic
548 4227 665 4296 edidit:
693 4229 789 4296 ποίλιν
812 4231 838 4296 δ’
862 4232 893 4296 ἐν
916 4231 958 4312 τῷ
984 4231 1121 4314 συνεδρίῳ
1144 4231 1254 4314 χρείας
1279 4233 1394 4311 ίμπε-
1447 4241 1448 4296 ὲ

189 4349 298 4423 νούσης
311 4349 492 4432 χρημάτων,
507 4351 560 4417 καί
576 4356 629 4418 τοῦ
647 4350 762 4431 ταμίου
778 4353 810 4418 ού
822 4350 996 4435 Φύσκοντος
1009 4351 1146 4432 οίνοίξειν,
1162 4353 1255 4424 certa
1267 4403 1274 4419 ·
1287 4403 1294 4418 ·
1308 4403 1315 4418 ·
1327 4378 1391 4436 κη

188 4468 248 4539 τοδς
278 4479 361 4544 κλεῖς
393 4470 640 4553 παρελάμβανεν
671 4473 709 4544 τίς
742 4475 830 4538 τοῦτο
860 4471 1004 4553 πρύξοιν,
1033 4475 1127 4545 αὐτὸς
1153 4475 1217 4554 γὰρ
1244 4475 1297 4540 καί
1324 4483 1392 4540 τοῦ
1447 4549 1448 4556 ¹

190 4587 390 4662 resisteretis
413 4593 534 4670 ταμίας
558 4590 837 4674 decimequinto.
887 4593 1000 4662 Misera
1019 4595 1212 4686 palimpsesti
1234 4594 1391 4694 conditio
1447 4615 1448 4618 ’
