2974 5016
585 481 703 582 '15

167 699 272 767 Schol.
301 701 359 785 Eq.
382 721 430 768 vs.
454 700 537 767 959:
561 700 700 779 Μολγόν
726 701 912 792 γενέσθαι]
941 707 1132 788 Σομμαμος·
1158 701 1243 766 ἐόενε

125 818 262 898 χρησμός
287 838 336 888 τις
361 809 459 880 εἶναι·
485 816 520 878 ἐν
545 817 606 899 γὰρ
631 821 700 889 τοῖς
724 818 893 898 Γεώργοες
916 817 1017 890 οὕτως
1041 816 1120 901 ἔχει·
1141 817 1185 878 ‘¹0
1198 840 1243 896 τῳ

123 923 215 990 δοκεῖ
237 950 286 992 σοι
312 927 381 992 δεῖν
404 922 547 1009 μάλιστα
567 937 608 1012 τῇ
627 927 733 1006 πόλει,
756 931 848 1010 ἐμοὶ
869 934 944 1013 μὲν
966 931 1033 992 ε’πλ
1055 932 1127 995 τὸν
1147 929 1243 1012 μολ-

122 1041 197 1117 γὸν
222 1035 338 1105 εἶναι
362 1041 420 1106 οὐκ
445 1042 599 1123 ἀκήκοας.

166 1153 336 1240 Perpetem
355 1155 416 1222 viri
431 1154 515 1222 dooti
525 1155 753 1240 aequieverunt
763 1155 1001 1240 emendatione,
1014 1177 1077 1241 qne
1088 1157 1246 1240 Bergkius

121 1266 226 1332 loeum
249 1268 413 1335 restituere
435 1269 496 1336 sibi
518 1269 605 1336 visus
627 1275 676 1335 est
699 1268 797 1335 edens
820 1269 853 1334 in
876 1269 961 1336 huno
983 1270 1128 1336 modum:

256 1383 298 1444 A.
325 1381 429 1445 εὈτον
453 1380 545 1446 δοκεῖ
567 1404 617 1444 σοι
642 1380 712 1446 δεῖν
736 1381 878 1462 μάλιστα
902 1393 942 1466 τῇ
964 1381 1073 1460 nolet,-

256 1496 302 1556 B.
325 1495 394 1575 ἐμοὶ
417 1497 477 1576 μὲν
502 1497 611 1559 αῗνειν
634 1494 770 1576 μολγὸν·
796 1494 854 1558 οὐκ
878 1495 1036 1576 desinon&

166 1606 285 1673 Levius
307 1608 340 1672 in
363 1628 401 1674 eo
423 1615 587 1694 peecatum
610 1615 675 1691 est,
696 1608 782 1692 quod
800 1609 834 1674 in
854 1607 1244 1692 editisnonsignifioetnr,

120 1721 425 1803 vslqusestionem
436 1741 507 1788 esse
518 1722 704 1788 indirectam
711 1771 720 1804 ,
733 1729 769 1788 ut
780 1722 981 1807 perspiounm
992 1728 1044 1794 est
1052 1741 1094 1787 ex
1105 1741 1165 1787 usu
1175 1741 1245 1806 pro-

120 1832 259 1900 nominis
269 1835 466 1918 torae-quae
477 1855 529 1900 res
540 1834 671 1900 indicari
682 1841 827 1920 potuerat
839 1833 1243 1920 lineolspositaantetrov.

166 1944 232 2012 Sed
261 1947 361 2012 multo
391 1947 520 2030 gravius
550 1947 587 2012 B.
619 1947 752 2033 impegit
781 1946 814 2011 in
844 1946 1031 2030 corrigendo
1061 1966 1108 2012 vs.
1134 1947 1244 2012 altero.

123 2058 248 2125 Αλνεεν
272 2057 408 2142 μολγὸν,
430 2053 549 2144 inquit,
568 2058 658 2126 nito
678 2059 775 2126 aliod
792 2058 961 2148 sipeifieet
977 2079 1080 2148 poam
1096 2064 1247 2145 oportere

123 2172 294 2240 civitatem
317 2171 572 2242 Atheniensium
588 2179 739 2241 extranee
761 2173 856 2240 mele
868 2173 1003 2261 perpeti
1008 2191 1021 2252 ;
1040 2191 1122 2240 eom
1136 2173 1244 2237 αλνειν

120 2285 243 2368 μολγὸν
275 2285 364 2354 idem
398 2294 445 2355 est
473 2287 561 2376 quod
588 2287 678 2354 olias
703 2287 804 2351 αόκὸν
834 2285 941 2370 δέρειν
973 2286 1108 2368 dicitur,
1136 2293 1246 2354 otest

124 2399 217 2488 apud
237 2397 391 2468 Solonem
408 2401 446 2468 fr.
460 2403 520 2484 323
540 2399 663 2481 ἤθελον
684 2407 745 2486 γάρ
766 2425 822 2466 κεν
844 2407 1070 2486 κρατήσας-
1090 2403 1138 2466 Ἀ
1149 2406 1245 2476 onoc

122 2515 234 2600 ῧςερον
265 2513 478 2600 δεδάρθαι
504 2515 763 2600 κείπετετρίφθαι
787 2514 894 2594 γένος.
920 2515 1015 2583 Haud
1037 2515 1104 2584 vidi
1126 2517 1245 2600 magis!

123 2629 159 2696 Si
189 2629 287 2698 Solon
317 2629 338 2696 l.
369 2629 391 2696 l.
422 2629 560 2698 seribere
589 2629 745 2716 potuisset
774 2629 871 2705 α’σκὸς
895 2629 1091 2714 δεδορκέναι
1114 2651 1172 2716 pro
1195 2627 1245 2694 δε-

123 2743 262 2828 δάρθαι,
283 2745 397 2812 lubens
419 2744 625 2812 eoneederem
648 2745 790 2828 Bergkio
810 2745 906 2811 etiam
928 2745 1173 2831 Aristophanem
1191 2764 1246 2830 po-

122 2858 222 2928 tuisse
245 2857 334 2942 dare,
361 2857 448 2942 quod
469 2858 538 2944 ipse
556 2859 710 2945 reposuit:
734 2860 842 2924 αἵνεεν
862 2856 984 2941 μολγὸν
1008 2879 1066 2945 pro
1088 2861 1245 2924 ai'esoilae

119 2971 245 3058 μολγὸν
270 2971 306 3060 (i.
326 2991 355 3040 e.
379 2971 535 3056 δέρεσθαι
559 2972 687 3060 ἀσκόν).
714 2973 835 3040 Sensus
852 2979 975 3056 autem,
996 2993 1091 3056 quem
1110 2978 1143 3038 et
1161 2972 1245 3054 inre,

121 3087 248 3176 opinor,
279 3087 380 3154 voluit
408 3087 583 3172 Bergkins,
607 3087 678 3154 loeo
700 3106 795 3172 quem
818 3091 988 3152 tractemus
1010 3085 1120 3169 inerit,
1147 3085 1247 3150 multo

121 3203 227 3270 lemine
249 3205 388 3270 'eorreoto
407 3201 441 3268 in
462 3201 547 3268 huno
569 3200 712 3268 modum:

699 3313 748 3377 A.
776 3311 863 3400 (ἀλλ’
889 3311 959 3378 εἶπέ
981 3311 1070 3402 μοι),

323 3431 401 3496 δεον
426 3428 518 3494 δοκεῖ
539 3451 588 3494 σοι
614 3427 684 3494 δεῖν
707 3427 849 3510 μάλιστα
873 3433 914 3510 fi
936 3423 1049 3503 πόλει,

259 3545 302 3612 B.
327 3545 418 3627 ἐμοὶ
442 3545 518 3626 μὲν
543 3537 660 3608 εἶναι
683 3539 858 3624 μολγὸν·
883 3538 941 3604 οὐκ
965 3538 1123 3618 delusae,-

170 3658 343 3726 Confirmet
363 3665 503 3726 nostram
527 3656 780 3724 emendationem
802 3661 870 3721 tum
891 3654 960 3739 ipse
979 3651 1130 3736 Equitum
1141 3651 1245 3734 loeus,

122 3774 176 3842 oui
195 3773 372 3841 Scholiasta
393 3772 472 3838 haee
493 3771 676 3857 adscripsit,
701 3767 801 3833 Ἀλλ’
829 3770 885 3833 ἐὰν
906 3772 1011 3850 τούτῳ
1031 3766 1130 3850 πίθῃ,
1150 3763 1246 3845 μολ-

123 3891 201 3967 γὸν
233 3884 444 3966 γενέσθαι
478 3883 597 3963 δεῖσε,
622 3891 690 3949 tum
713 3883 851 3949 Pollucis
873 3883 978 3963 loeus,
1002 3899 1096 3963 quom
1118 3879 1186 3963 ipse
1209 3879 1245 3942 B.

122 4001 244 4084 attulit,
269 4001 310 4066 X.
335 4001 417 4068 187:
441 4001 496 4062 καὶ
522 3997 769 4084 Ἀριστοφάνης
791 3995 825 4060 δέ
848 3994 895 4084 (in
917 4015 980 4078 qua
1001 3993 1123 4073 sabula,
1147 3992 1248 4058 ineer-

123 4123 194 4182 tum
217 4113 280 4203 est)
306 4115 446 4200 χρησμόν
471 4137 548 4178 τινα
571 4111 695 4187 παίζει·
720 4115 780 4191 Μή
803 4134 857 4193 μοι
881 4108 1095 4190 Ἀθηναίους
1118 4107 1246 4190 αλνειν,

121 4231 178 4296 τοὶ
202 4226 352 4312 μολγολ
377 4227 566 4296 ὲόονταε.
