2990 5012
777 523 822 590 44

414 709 486 777 ἀλλ’
515 711 574 799 οὐχ
597 709 709 797 ἐτεραν
734 712 779 786 εές
800 713 914 790 ἄγνος.

282 825 391 892 Malim
413 832 534 893 tamen:

503 941 548 1014 εἰς
572 945 612 1020 ἣν
637 938 734 1004 πάντ’
759 943 802 1003 διν
828 937 981 1024 ἐμβάλσις
1005 941 1101 1021 ἅμα,

416 1051 474 1118 οὐκ
500 1053 545 1127 εἷς
568 1051 679 1137 ἕτερον
705 1051 734 1116 δ’
759 1052 907 1131 ἀγγεῖον.

280 1169 323 1233 ut
355 1165 399 1234 ita
429 1187 463 1232 re
493 1186 569 1234 vera
601 1167 675 1232 VL:
707 1167 752 1240 εἷς
785 1169 826 1246 ἣν
859 1167 990 1250 πρῶτον
1015 1165 1111 1230 πάντ’
1136 1169 1181 1231 ἂν
1205 1164 1359 1253 ἐμβάλσις

236 1277 345 1344 ἀλλὰ
377 1280 450 1366 οὐχ
484 1278 596 1364 ἕτερον
621 1279 768 1358 ἀγγεῖον.
794 1280 877 1347 Huic
900 1286 1007 1346 tamen
1030 1281 1229 1348 coniecturae
1250 1263 1361 1366 pdrum

236 1394 345 1462 favent
383 1394 455 1462 libri
493 1395 605 1472 ABP,
642 1395 696 1479 qui
725 1393 844 1460 hebent
874 1397 919 1470 εἰς
950 1397 991 1474 ἣν
1027 1397 1158 1479 πρῶτον
1194 1393 1358 1480 ἐμβαλεῖς,

237 1509 398 1592 aliquanto
421 1507 523 1592 magis
546 1507 586 1574 O:
612 1509 656 1583 εἷς
681 1511 721 1588 ἣν
747 1507 844 1574 πάντ’
864 1510 908 1572 διν
932 1505 1095 1593 ἐμβαλεῖς.
1118 1508 1279 1592 Quidquid
1297 1515 1360 1589 esi,
1485 1541 1486 1544 ¹

237 1621 413 1688 sententiae
435 1621 497 1688 loci
519 1621 564 1688 ita
586 1622 750 1689 convenit:
775 1623 820 1698 εἷς
843 1624 884 1702 ἣν
905 1621 1002 1687 πάντ’
1024 1625 1067 1687 διν
1089 1621 1243 1709 ἐμβάλσις
1261 1625 1357 1704 ἅμα,

235 1735 295 1799 οὐκ
328 1737 373 1810 εἷς
403 1732 514 1818 ἕτερον
548 1733 576 1798 δ’
607 1733 755 1814 α’ννεῖσν,
781 1743 817 1803 ut
839 1735 894 1802 vix
913 1735 1072 1820 dubitem,
1097 1737 1174 1820 quin
1192 1736 1271 1804 huuc
1292 1737 1363 1823 ipsa

236 1869 256 1916 a
278 1855 373 1935 poeta
395 1849 458 1915 sint
480 1849 630 1934 profecta.

280 2078 359 2162 Pag.
382 2077 458 2142 433.
483 2075 642 2162 Lyncei
664 2075 965 2140 ΚΕΝΤΑΤΡΟΣ.

282 2211 328 2256 vu.
355 2191 413 2256 16:
438 2189 538 2254 κατέ
548 2188 688 2273 πλησα
712 2192 773 2274 γὰρ
799 2191 835 2254 τὸ
858 2188 976 2275 χεῖλος,
1003 2189 1060 2254 οὐκ
1086 2187 1250 2275 ἐνέπλησα
1274 2189 1321 2256 δέ·

281 2305 320 2369 In
343 2303 635 2368 ΚΑΤΕΠΛΗΟΑ
657 2305 822 2389 hucusque
844 2303 970 2370 delituit
993 2305 1291 2368 KATEHAAOA·

359 2416 613 2482 antiniana
637 2420 698 2502 γὰρ
723 2419 759 2482 τὸ
785 2415 903 2503 χεῖλος,
930 2416 987 2482 οὐκ
1013 2415 1176 2500 ἐνέπλησα
1201 2416 1249 2483 δέ.

235 2532 257 2597 i.
282 2552 309 2598 e.
330 2549 411 2598 nam
430 2531 525 2599 δίδασκ’
545 2531 679 2621 quidem
700 2531 808 2612 latta,
830 2549 896 2598 ασσ
915 2549 993 2598 vero
1005 2530 1153 2617 implevi.
1166 2531 1226 2598 His
1237 2532 1361 2617 seriptis

236 2645 330 2712 video
352 2647 395 2712 M.
419 2646 451 2711 in
476 2645 615 2711 editione
637 2645 772 2728 minore,
796 2645 830 2710 in
850 2646 979 2731 Lynceo
999 2645 1102 2712 minus
1120 2651 1212 2712 acute
1230 2665 1359 2711 cernen-

236 2765 300 2826 tem
321 2779 416 2844 quam
438 2759 571 2842 assolet,
592 2743 748 2845 recepisse
771 2759 983 2826 coniecturam
1006 2778 1112 2826 snam:
1137 2757 1358 2824 κατέπασα

238 2875 299 2957 γὰρ
324 2875 391 2937 κτὲ.

280 2986 420 3052 Verbum
450 2989 562 3049 πάντα
590 2993 622 3052 et
643 2987 817 3072 composita
838 2986 923 3072 apud
945 2985 1068 3054 Atticos
1090 2987 1194 3052 solent
1216 2987 1360 3072 usurpari
1485 3057 1486 3094 ᾗ

238 3100 278 3166 dc
307 3101 402 3166 rebus
429 3100 519 3166 siccis
550 3121 614 3166 non
643 3101 884 3168 cohaerentibus
913 3122 944 3167 v.
967 3121 995 3167 c.
1018 3099 1108 3179 ἅλες,
1132 3099 1270 3184 ἄλευρα,
1294 3100 1357 3166 ἄλ-

236 3239 329 3296 φιτα,
355 3212 470 3298 τέφρα,
498 3218 606 3297 κόνις,
631 3211 711 3296 ῥόδα
732 3213 861 3297 similia,
886 3219 921 3280 ut
939 3232 1098 3301 spernere
1116 3215 1202 3301 apud
1218 3216 1358 3282 Latinos.

236 3328 318 3393 Huic
340 3327 436 3411 igitur
458 3329 554 3394 verbo
577 3327 666 3393 locus
688 3347 752 3394 non
776 3333 840 3408 est,
865 3329 920 3393 ubi
939 3347 1042 3394 sermo
1064 3327 1101 3394 fit
1122 3328 1164 3396 de
1185 3329 1281 3396 variis
1302 3329 1356 3396 da·

236 3441 329 3528 pibus
352 3441 397 3506 ita
418 3440 577 3524 delicatis,
603 3447 638 3506 ut
659 3441 842 3506 Perinthius
864 3441 919 3507 ille
941 3441 1080 3508 comicus
1103 3443 1275 3509 exclamet:

681 3551 840 3639 βούλομαι
866 3552 901 3617 δέ
926 3559 971 3633 ν’,
997 3546 1022 3618 ὦ
1047 3555 1195 3641 βέλτιστε
1221 3562 1271 3634 crl,

369 3665 501 3732 κσένεῖνο
527 3669 582 3731 καὶ
607 3667 705 3750 ταῦτ’,
730 3666 801 3732 ἀλλ’
827 3667 977 3734 ἀδύνατα
1002 3668 1172 3754 βούλομαι·

368 3782 440 3846 οὔτε
466 3784 611 3864 στόματα
635 3785 696 3866 γὰρ
721 3783 795 3847 οὔτε
821 3780 912 3868 χείλη
936 3781 1028 3848 πέντ’
1054 3782 1127 3868 ἐχω.

278 3895 433 3962 Ultimum
457 3917 551 3981 quern
570 3897 723 3982 adscripsi
741 3916 868 3964 versum
886 3899 1038 3983 pungenti
1057 3897 1163 3964 neseio
1181 3919 1223 3963 an
1245 3903 1357 3985 poetae

237 4011 436 4076 obversatum
460 4009 501 4076 sit
523 4010 603 4077 illud
626 4011 772 4094 Homeri,
796 4011 830 4076 in
853 4011 892 4076 Il.
918 4015 951 4073 B
975 4010 1131 4090 48902‘26'
1154 4012 1183 4076 ελ
1201 4037 1255 4094 μοι
1276 4009 1357 4075 δέκα

233 4125 292 4206 μέν
326 4121 482 4201 γλῶσσαι,
516 4121 596 4187 δέκα
621 4123 656 4187 δέ
682 4124 812 4206 στόματ’
840 4125 902 4208 εἴη,
932 4125 1198 4210 quemadmodum
1219 4125 1359 4193 dubitari

238 4235 367 4303 omnino
397 4236 522 4320 nequit,
551 4237 627 4322 quin
657 4258 704 4304 vs.
731 4239 772 4304 16
801 4240 960 4306 contineat
987 4239 1167 4326 paroeciam
1190 4241 1360 4308 verberum
