2932 5004
647 345 709 409 133

79 527 347 613 κατασφάττειν,
371 532 424 619 qui
445 530 566 596 solcece
586 531 728 620 sequitur
747 543 816 620 post
828 531 1050 610 οίπειλοιίντων,
1071 531 1123 600 scd
1139 533 1173 598 in
1186 532 1271 600 salic

82 675 133 718 res
155 663 222 729 est,
253 673 329 716 nam
351 650 569 741 palimpsestus
592 663 678 717 recte
700 649 780 716 mihi
803 649 890 716 dedit
912 652 1160 736 κατασφάξειν,
1185 653 1269 744 quod

80 771 207 838 dudum
240 769 280 836 de
303 770 484 836 coniectura
507 771 617 838 fuisset
640 769 868 860 reponendum.
918 771 993 838 Siue
1016 773 1132 840 codicis
1156 775 1270 840 auxilio

82 914 192 958 reram
214 890 384 956 lectionem
406 889 626 980 indagabimus
652 891 920 979 insequentibus.
970 892 1146 960 Narrantur
1166 907 1271 962 autem

81 1011 178 1090 Itali,
208 1033 308 1100 quum
338 1010 510 1078 Pinnenscs
539 1012 573 1076 in
605 1011 691 1077 bello
719 1012 826 1077 sociali
858 1035 944 1077 arma
972 1027 1082 1080 contra
1114 1015 1271 1081 Romanos

82 1153 209 1198 sumere
232 1131 372 1210 nollent,
396 1133 509 1198 minati
532 1155 598 1198 esse
621 1155 672 1211 se,
697 1132 731 1196 ni
753 1133 827 1221 ipsis
850 1132 1136 1223 obtemperassent,
1161 1159 1271 1202 eorum

81 1253 201 1318 liberes
236 1264 309 1318 ante
343 1253 467 1318 moenia
503 1252 589 1318 urbis
624 1273 690 1318 esse
725 1251 946 1318 trucidaturos.
995 1253 1180 1344 Sequuntur
1202 1268 1272 1320 tum

81 1373 224 1440 haecce:
250 1373 276 1437 οί
299 1380 446 1448 Πιννῆται
470 1374 722 1454 ἐγκαρτεροῦντες
747 1382 809 1448 τοῖς
832 1375 936 1448 δεινοῖς
961 1373 1074 1441 ἔδωκαν
1097 1375 1272 1458 απόκρισιν,

83 1489 131 1558 ἔτι
161 1493 272 1558 τέκνων
304 1494 496 1574 στερηθέντες
524 1491 615 1575 ἕτερα
637 1494 743 1576 ρ’ριδίως
766 1496 1020 1572 ποιήσουσιν,
1044 1495 1272 1578 εὀδντηρήτωοι

82 1617 140 1691 τὴν
175 1613 248 1694 πρὸς
285 1615 452 1693 Ῥωμαίους
483 1614 684 1697 συμμαχίαν.
735 1616 850 1701 Quoris
873 1617 1003 1706 pignore
1027 1616 1217 1682 contendam
1241 1619 1273 1682 in

83 1734 147 1799 hac
166 1732 295 1824 periodo
312 1734 416 1800 labem
429 1736 617 1800 contraxisse
630 1735 760 1800 verbum
772 1736 962 1811 ποιήσουσιν,
986 1735 1069 1824 quod
1080 1733 1137 1800 hic
1149 1749 1195 1802 est
1207 1748 1272 1800 tam

84 1853 274 1944 languidum
302 1867 333 1920 et
354 1856 514 1946 ineptum,
547 1877 642 1944 quam
663 1868 771 1945 aptum
792 1856 873 1921 soret
892 1855 990 1934 iliud,
1012 1856 1097 1922 unde
1113 1857 1272 1945 vulgatam

1 2025 2 2028 ι
84 1975 257 2042 lectionem
292 1975 425 2065 proclivi
455 1997 559 2041 errore
589 1988 696 2042 natam
727 1999 801 2064 esse
816 1975 895 2042 mihi
917 1975 1100 2066 persuadeo.
1147 1976 1274 2066 Nempe

85 2095 338 2186 responderunt,
361 2096 394 2160 ni
417 2095 526 2174 fallor,
552 2095 722 2164 Pinnenses
746 2119 779 2162 se
801 2095 906 2162 liberis
926 2096 1049 2162 orbntos
1069 2121 1106 2162 ec
1127 2098 1273 2187 aequiore

87 2218 195 2282 animo
230 2215 293 2282 alie
326 2215 410 2280 mala
444 2215 562 2280 laturos
591 2238 676 2294 esse,
709 2239 791 2305 quae
823 2239 860 2282 ex
892 2230 1012 2283 serrato
1043 2217 1168 2284 foedere
1200 2239 1274 2284 cum

87 2337 241 2402 Romanis
268 2347 483 2401 nascerentur.
533 2335 645 2424 Itaque
673 2337 739 2402 sine
772 2336 837 2402 ulls
869 2340 1077 2406 controversia
1101 2337 1274 2405 rescriben-

86 2457 167 2524 dum
188 2458 264 2523 erit:
290 2453 336 2522 δ’τι
356 2456 466 2523 τέκνων
490 2457 681 2537 στερηθέντες
705 2455 794 2538 ἕτερον
817 2459 922 2542 ῥαδίως
948 2459 1042 2524 ὑποί
1048 2483 1186 2526 νουσιν
1209 2460 1274 2525 κτὲ.

1 2603 2 2620 ¹
88 2579 129 2644 cI.
161 2579 201 2643 fr.
229 2575 357 2644 XXXI:
383 2582 515 2642 τοιαῦτα
538 2613 582 2626 -
605 2577 703 2642 δεινῶν
728 2578 949 2657 ὑπομενοίς,
974 2601 1055 2667 quae
1080 2579 1119 2643 ad
1142 2580 1275 2645 candem

1 2747 2 2750 ,
89 2723 157 2765 rem
180 2699 340 2789 pertinere
364 2697 521 2764 videntur.

133 2819 259 2886 Vocula
278 2819 411 2884 delenda
431 2819 555 2884 ridetur
573 2821 606 2884 in
628 2833 766 2886 extremo
789 2821 829 2886 ir.
856 2819 945 2886 XXX
972 2819 1044 2906 (XX
1058 2823 1076 2905 §
1092 2821 1123 2907 4)
1134 2869 1142 2900 ,
1165 2819 1219 2884 ubi
1232 2819 1277 2886 sic

2 2927 3 2934 ί
89 2940 185 3008 hodie
213 2939 365 3029 legimus:
404 2941 618 3006 ἐπικαλεῖσθαι
641 2941 692 3006 τὸν
714 2940 838 3006 ποίντων
860 2941 1015 3023 ἐφορῶντος
1039 2942 1091 3006 τδν
1114 2940 1181 3020 βίον
1203 2949 1278 3007 τῶν

89 3062 250 3142 ἀνθρώπων
280 3057 361 3136 ι’ίλιον
393 3067 487 3126 σῶσαι
524 3062 637 3143 ψυχὰς
668 3063 780 3136 νηπίων
802 3061 927 3126 παίδων.
976 3059 1030 3127 Sol
1054 3074 1139 3128 recte
1163 3061 1279 3128 dicitur

91 3187 206 3266 ἐφορᾶν
234 3181 286 3247 τδν
313 3180 436 3247 τοίντων
460 3183 616 3262 ἀνθρώπων
637 3182 721 3262 βίιν;
745 3205 809 3248 nou
833 3183 909 3248 item
934 3181 1057 3247 ποίντων
1080 3183 1152 3247 τῶν
1171 3181 1278 3262 α’νίροί-

90 3323 175 3376 πων;
209 3325 307 3391 quare
345 3303 450 3367 nestro
486 3302 556 3368 loco
587 3301 792 3368 rescribatur:
830 3303 1044 3368 ἐπικαλεῖσθαι
1072 3301 1124 3367 τδν
1154 3301 1278 3368 ποίντων

89 3425 250 3508 ἐφορῶντος
273 3422 325 3488 τὸν
346 3423 414 3502 βίον
438 3422 595 3503 ἀνθρώπων
618 3423 682 3488 uri.

136 3545 192 3611 rr.
228 3543 352 3609 XXXII
382 3543 524 3630 (XXII):
551 3539 597 3609 ίτι
621 3546 647 3608 οί
670 3543 727 3621 μὲν
747 3547 923 3608 Ἰταλιῶται
949 3540 1102 3613 πολλοίκις
1126 3541 1199 3624 ὑπὲρ
1223 3547 1278 3616 τῆς

91 3671 151 3732 τῶν
174 3663 331 3744 Ῥωμαίων
354 3665 520 3744 ἡγεμονίας
544 3665 740 3744 ἠγωνισμένοι
763 3669 914 3744 λαμπρῶς
937 3662 1009 3728 τίτε
1034 3661 1100 3743 περί
1125 3670 1180 3737 τῆς
1199 3662 1278 3736 ίδίας

92 3786 312 3859 κινδυνεύοντες
345 3784 558 3866 ὑπερέβαλλον
589 3793 660 3859 ταῖς
684 3785 903 3865 ανδραγαίίαις
927 3784 986 3856 τὰς
1011 3783 1279 3863 προγεγενημένας

4 3969 5 3986 ,
94 3907 200 3985 νίκας,
231 3905 321 3972 οὐδὲ
353 3913 495 3986 Ῥωμαῖοι
529 3907 602 3988 πρδς
625 3907 695 3980 τοὺς
721 3906 860 3987 πρότερον
885 3903 1154 3984 ὑποτεταγμένους
1176 3908 1280 3979 αὐτοῖς

95 4025 312 4108 ιῖγωνιζίροενοι
347 4027 431 4094 δεῖν
458 4029 584 4106 ἡγοῦντο
617 4021 752 4110 φανῆναι
776 4033 835 4092 τῶν
856 4024 985 4102 ἡττόνων
1009 4023 1129 4101 ἥττους.
1177 4026 1280 4093 Facil-

95 4148 172 4215 lime
192 4149 274 4216 haec
296 4148 537 4239 intelliguntur,
570 4161 602 4213 et
623 4148 805 4238 paucissimi
834 4148 867 4212 iu
891 4148 939 4212 his
962 4147 1063 4212 serbis
1090 4145 1276 4213 haerebunt.

98 4269 139 4334 It
162 4269 212 4335 rel
235 4271 279 4336 sic
302 4281 408 4334 tamen
432 4268 555 4336 laborat
578 4269 746 4335 verborum
770 4267 974 4358 compositio,
1000 4291 1074 4334 nam
1097 4267 1179 4332 male
1198 4267 1280 4330 inter

97 4414 128 4456 se
161 4402 367 4480 opponuntur
395 4391 570 4460 vocabula:
604 4391 629 4455 οί
664 4389 736 4470 μὲν
771 4390 949 4456 Ἰταλιῶται
971 4401 1003 4454 et
1026 4387 1115 4454 οὐδὲ
1137 4394 1278 4464 Ῥωμαῖοι

96 4513 161 4578 κτὲ.
199 4512 244 4578 Ex
267 4523 357 4602 parte
380 4535 473 4602 opem
493 4511 554 4578 fert
573 4511 643 4579 eod.
667 4511 858 4590 Vaticanus,
883 4512 915 4576 in
937 4533 1000 4598 quo
1020 4507 1185 4574 manifesto
1202 4506 1281 4597 legi-

98 4644 169 4698 tur:
194 4635 227 4700 οί
250 4633 289 4700 δὲ
314 4639 457 4713 Ῥωμαῖοι
482 4635 564 4709 κτὲ.;
589 4633 672 4700 unde
697 4645 825 4725 apparet
843 4628 1077 4698 rescribendum
1098 4651 1184 4694 esse:
1210 4629 1236 4693 οί
1249 4627 1279 4692 δὲ
