2946 5014
626 413 666 482 11

280 577 379 674 xeipot
398 575 461 681 peip
484 581 522 658 ἂν
542 577 652 682 πατήρ
675 611 712 679 pe
734 576 884 680 δακρύων
903 579 995 679 χάριν

282 695 385 794 oiriprr'
405 697 443 770 ἂν
465 702 513 781 εἷς
535 705 619 795 φῶς.

118 817 179 886 een
203 818 366 904 eliquanto
388 819 516 899 melius,
551 820 659 899 oredo,
683 813 721 885 de
745 822 866 884 mortno
890 815 1008 884 dieitur
1031 807 1212 906 ἀνάγεσθαι

81 933 124 1013 εἰς
144 938 220 1026 φῶς
241 957 331 1024 quem
356 927 444 1022 iiyerv
464 927 550 1025 πρὸς
570 929 609 1002 τό
631 936 715 1028 φῶς.
747 935 908 1002 Praetereo
931 957 963 1000 ee
985 933 1092 1023 prodit
1113 935 1212 1000 inter·

81 1059 300 1139 pretamentum
324 1053 393 1141 ipso
414 1051 509 1117 initio
530 1043 569 1121 νό
588 1053 657 1139 μέν.
681 1051 818 1118 Tandem
843 1053 913 1139 qois
937 1051 1044 1118 eredat
1066 1071 1210 1140 magnum

81 1167 109 1232 tn
140 1169 247 1256 procis
277 1175 398 1258 poetam
428 1173 491 1234 tem
515 1167 599 1233 brevi
624 1167 789 1234 intervallo
811 1168 914 1234 erdem
939 1167 1100 1234 locutione
1120 1155 1210 1233 usuro

80 1285 170 1350 trisse
193 1285 226 1351 in
251 1307 299 1364 re,
330 1303 420 1372 qnam
445 1285 664 1351 diversissimis
688 1283 787 1351 modis
810 1286 974 1352 enuntiare
995 1282 1043 1350 rel
1067 1276 1086 1354 ὁ
1106 1271 1212 1369 τυχών

79 1401 198 1487 possit?

563 1519 718 1539 m

119 1647 170 1714 Ae
201 1649 383 1732 Arpinorum
413 1647 583 1713 concionem
611 1645 814 1714 anonnnllis
838 1671 900 1716 non
925 1645 1057 1715 absorde
1079 1645 1211 1712 retertur

78 1762 182 1852 fragm.
205 1763 411 1852 Sophooleum
435 1787 482 1852 ep.
507 1763 723 1830 Herodianum
746 1765 825 1856 περὶ
849 1758 1021 1852 σχημάτων
1035 1784 1063 1849 p.
1081 1765 1134 1840 57,
1150 1765 1210 1826 58:

228 1868 312 1965 ’Epor'
334 1869 364 1945 δ’
385 1875 450 1968 ἐρῶ
472 1873 651 1946 σοι’δεινὸν
670 1873 780 1961 οὐδὲν,
803 1868 881 1944 otte'
901 1869 995 1952 ὅπως

229 1983 339 2080 φυγᾶς
360 1980 519 2080 πατρῴας
540 1983 730 2082 ἕξελὴλασαι
751 1980 890 2076 χθονός,

228 2092 352 2178 αὕθ’ὦς
373 2094 392 2170 ὁ
418 2095 543 2179 indetis
564 2094 682 2194 ἅνδρός
703 2095 785 2189 αἷμα
806 2095 955 2188 συγγενὲς

227 2212 393 2296 κτείνας,
416 2205 576 2305 ἐν”Αρμει
598 2216 704 2296 ξεῖνος
726 2207 771 2281 ὢν
793 2213 958 2295 αἰκίζεται.

118 2327 204 2402 Quid
236 2328 279 2394 sit
308 2322 390 2413 αἷμα
410 2334 532 2397 κτεῖναι
555 2331 671 2397 frustra
692 2349 827 2416 quaeres.
857 2327 1064 2416 Pertioipiom
1087 2325 1213 2402 κτεῖνας

75 2441 229 2530 glossema
252 2464 317 2510 esse
327 2444 388 2509 iam
401 2443 522 2530 aliquot
544 2445 658 2512 abhinc
682 2447 772 2512 annis
792 2445 912 2512 oonieoi
935 2447 969 2511 in
994 2443 1211 2510 dissertatione

76 2560 202 2628 Obserr.
226 2561 305 2628 Crit.
328 2561 363 2626 io
386 2558 494 2649 fragm.
517 2561 604 2628 Com.
628 2557 737 2629 Graes.
760 2559 1211 2654 p.128.rhes.v11‚neque

74 2672 167 2743 hodie
195 2671 381 2744 sententiam
404 2679 501 2742 moto.
524 2677 590 2743 Iern
614 2683 692 2744 tuno
724 2673 926 2766 probabiliter
957 2673 1139 2754 aemorum,
1173 2679 1210 2740 nt

74 2791 151 2858 mihi
175 2793 294 2871 videor,
319 2787 498 2880 suspicabor
522 2799 631 2882 poetae
654 2815 776 2860 manum
804 2793 900 2860 irrisae
920 2791 1018 2861 hano:

250 2896 328 2972 οὔθ’
348 2899 394 2982 ὠς
415 2895 435 2973 ὁ
461 2899 585 2984 Tutoris
605 2900 724 2998 ἀνδρὸς
745 2899 828 2992 αἷμα
849 2904 1000 2994 συγγενὲς

247 3009 476 3108 πράξας,’ἒν
489 3010 604 3109 ’Ἀργει
623 3018 728 3102 ξεῖνος
748 3013 793 3086 ὢν
815 3015 981 3102 οἷκίζετᾱι.

71 3131 214 3212 Etenim,
249 3131 390 3219 quemvis
423 3131 535 3200 mirum
570 3133 668 3203 videri
703 3135 819 3224 possit,
841 3127 957 3224 tragici
980 3131 1106 3199 dieunt:
1129 3125 1212 3217 αἱμα

71 3265 159 3323 τινος
178 3238 335 3338 πράττειν
355 3249 421 3314 sive
452 3243 646 3338 ἐργάζεσθαι
678 3273 734 3340 pro
757 3243 906 3343 φονεύειν
935 3237 1014 3316 νινᾶ.
1048 3247 1100 3314 Ita
1131 3267 1159 3313 ν.
1183 3266 1211 3314 o.

69 3357 179 3448 Enrip.
192 3363 294 3430 Orest.
308 3365 389 3430 28⁰:
413 3363 602 3454 εῑργαςαι
622 3351 653 3432 δ’
662 3363 734 3449 ἐμοὶ
748 3360 899 3454 μητρῷον
911 3357 992 3446 αἷμα
1008 3367 1039 3429 et
1050 3383 1094 3430 rs.
1109 3363 1209 3429 nso:

70 3474 171 3562 κακῆς
190 3470 339 3563 γυναικός
359 3469 442 3561 αἷμ’
463 3465 703 3568 ἐπράξαμεν,
726 3484 758 3545 et
781 3479 827 3544 sio
850 3479 974 3566 passim.
996 3477 1117 3559 Etiam,
1146 3477 1209 3544 nisi

69 3589 179 3670 fallor,
211 3582 293 3676 αἷμα
314 3590 394 3679 δρᾶν
423 3591 527 3658 eodem
559 3615 651 3660 senso
675 3614 723 3660 me
755 3593 857 3683 legere
890 3596 1033 3674 memini,
1063 3593 1116 3662 sed
1146 3595 1207 3660 ianr

70 3705 221 3796 exemplo,
240 3705 352 3794 quibus
372 3706 455 3774 huno
469 3731 559 3776 usum
571 3709 743 3788 stabiliam,
760 3707 835 3776 mihi
849 3712 881 3776 in
895 3707 1039 3802 promptu
1051 3733 1112 3777 non
1126 3719 1200 3779 sunt

70 3819 116 3890 of.
142 3823 279 3891 Cramer.
301 3823 420 3892 Aneod.
441 3825 498 3893 III
520 3845 549 3915 p.
575 3827 654 3907 194,
680 3823 709 3892 1.

570 3967 716 3984 m

109 4034 304 4122 Gorruptum
328 4038 466 4106 oodioem
489 4039 656 4130 Sophoclis
680 4041 875 4109 consultesee
896 4036 1109 4110 Herodianum
1127 4042 1209 4112 exis-

66 4151 164 4226 timo,
196 4151 279 4218 unde
300 4154 334 4220 in
358 4155 464 4222 libello
486 4155 567 4244 περὶ
587 4181 658 4242 μον.
681 4157 747 4237 λεξ.
775 4183 804 4247 p.
827 4163 888 4238 40,
913 4163 952 4226 11
978 4158 1053 4226 haee
1076 4157 1210 4224 seribere

66 4267 224 4353 potnerit:
246 4258 284 4334 νδ
306 4261 399 4358 παραὶ
426 4271 590 4362 Σοφοκλεῖ
615 4268 648 4339 ἐν
675 4271 894 4349 Λακαίναις
915 4264 1089 4362 dosoris
1121 4269 1209 4360 εἰρη-

66 4379 164 4462 μένον
186 4377 241 4448 ’ἐν
262 4371 283 4471 ᾗ
302 4373 440 4449 παύσατ’
458 4373 603 4474 ἁμερίων
621 4375 754 4470 μόχθων
772 4407 811 4452 oe
830 4383 886 4452 aot
907 4383 1111 4476 demersionem
1129 4381 1209 4450 Ver·
