2974 5016
817 516 840 580 4

315 701 433 768 Contra
451 702 557 768 omnin
574 709 659 768 reete
676 701 849 788 procedent
867 707 900 766 et
918 707 1052 768 venusto
1070 702 1177 787 lepore
1188 700 1273 768 dieto
1284 707 1398 784 erunt,

269 815 296 880 111
319 815 460 882 iunxerit
482 823 538 896 τῆς
563 813 682 899 ἡμέρας
706 820 844 896 μακρᾶς·
873 810 1098 898 ν,Οοιατιλλλλο,
1122 813 1241 896 inquit,
1266 812 1334 878 cibo
1354 819 1400 878 tn

271 935 442 996 conteneo
472 948 522 1008 οο,
554 929 614 1016 qui
640 947 705 1014 per
735 928 869 1013 lonqum
897 924 1400 1014 οῑαη(οοορ1οα)οοααοω

271 1041 396 1130 (quom)
422 1041 539 1128 touque
561 1041 659 1108 novis
681 1038 843 1106 ciborio.”

314 1153 373 1220 Vei
396 1175 437 1220 ex
460 1153 599 1220 Homero
621 1161 697 1220 notu
719 1159 793 1218 sunt
816 1150 875 1226 νύξ
897 1157 1003 1236 μακρή
1027 1157 1060 1218 et
1081 1155 1190 1233 ἤματα
1212 1155 1331 1235 μακρά.

315 1379 393 1462 Pug.
417 1380 492 1446 261.
523 1379 642 1462 Exigui
668 1397 746 1446 sone
768 1379 920 1444 momenti
943 1397 994 1444 res
1016 1385 1080 1460 est,
1104 1377 1262 1444 mouenda
1283 1385 1398 1444 tumen

271 1493 305 1558 in
335 1493 470 1576 grntiom
498 1493 595 1557 futuri
625 1491 735 1556 hurum
765 1491 968 1574 reliquiarum
999 1490 1145 1574 editoris,
1176 1511 1238 1574 quo
1267 1490 1399 1558 facilius

272 1605 406 1687 leviores
428 1605 606 1672 istiusmodi
628 1624 679 1670 res
701 1605 838 1670 intentos
857 1604 1054 1686 gravioribus
1071 1605 1195 1670 animos
1212 1603 1321 1668 fellere
1339 1623 1397 1670 so-

270 1719 346 1784 lent.
371 1717 475 1784 Curae
498 1718 594 1801 igitur
616 1717 645 1783 ei
668 1717 726 1800 sit,
750 1725 786 1782 ut
808 1717 841 1782 in
863 1717 1040 1800 fragmento
1062 1717 1163 1802 primo
1188 1713 1398 1804 Tromfuya-

269 1849 347 1898 rum
369 1831 567 1898 Pherecratio
589 1829 634 1896 sio
656 1831 772 1896 sombut
794 1850 841 1896 vs.
863 1831 902 1894 4:

313 1947 368 2008 ναὶ
394 1949 454 2026 τὴν
477 1944 580 2028 ὀσφύν
605 1941 723 2028 κομιδῇ
746 1943 864 2028 ψιλήν,
891 1942 1007 2009 λοιπὸν
1032 1945 1090 2009 τόν
1115 1941 1365 2026 σφόνδυλον

1149 2057 1249 2122 αὐτὸν
1274 2059 1343 2118 xri.

313 2171 410 2254 Num,
423 2169 508 2254 quod
519 2170 667 2254 vulgetur
679 2168 877 2248 σαονὸυλόν,
892 2169 990 2236 setius
1001 2175 1050 2235 est
1061 2169 1237 2254 relinquere
1246 2169 1399 2256 Ionibus,

270 2283 476 2368 similiterque
495 2283 701 2369 insequerer,
725 2282 897 2370 (somniant
916 2283 1000 2348 euim
1011 2283 1066 2366 qui
1078 2283 1282 2348 Gmmmotiei
1292 2283 1399 2364 signi·

270 2395 386 2462 ticnudi
400 2395 569 2464 diserirueu
585 2417 656 2464 osse
672 2403 815 2464 statuunt
833 2397 915 2462 iuter
933 2396 1125 2480 αόπάραγον
1139 2403 1171 2462 et
1182 2395 1399 2487 ἀσφάραγον)

271 2507 398 2590 λίσπος,
424 2509 582 2595 πιδὰννη,
609 2515 746 2596 σπορᾶς,
771 2515 889 2589 πανὸς,
910 2509 1077 2596 inquibus
1097 2511 1402 2580 vocabulisrttfieos

270 2643 328 2710 pro
350 2625 438 2690 tenui
459 2626 630 2712 aspirutem
652 2625 815 2711 scripsisse
837 2625 915 2692 suus
938 2644 1094 2710 superque
1117 2631 1249 2691 onustat.

314 2850 392 2934 Peg.
416 2850 491 2917 uos.
514 2805 712 2918 onerosos
734 2851 912 2946 ummo
934 2851 972 2916 ο.
996 2851 1046 2918 11:

426 2963 625 3049 ἀπόπεμψον
649 2963 926 3044 ἀγγέλλοντα
951 2969 1008 3032 τὸν
1032 2968 1233 3050 περιστερόν.

314 3077 384 3144 11110
406 3098 481 3146 vero
504 3077 790 3158 ἀγγελοῦντα.

315 3303 393 3389 Peg.
417 3305 492 3372 299.
516 3305 669 3374 Eiusdem
691 3307 1002 3372 ΜΕΤΑΛΛΕΩΝ
1027 3307 1065 3372 ir.
1089 3307 1106 3372 Ι
1127 3327 1175 3376 νο.
1198 3309 1218 3373 8
1241 3328 1298 3391 sq:

293 3424 413 3500 φύσκαι
438 3419 472 3483 δὲ
499 3423 554 3484 sori
580 3419 622 3496 ζέ
632 3446 756 3496 οντες
779 3419 952 3486 ἀλλάντων
976 3425 1068 3502 τόμοι

294 3536 383 3617 παρὰ
415 3541 484 3610 τοῖς
508 3541 668 3616 ποταμοῖς
692 3537 732 3598 σί
741 3536 758 3611 ζ
767 3560 891 3609 οντες
916 3533 1065 3621 ἐνέμοντ’
1089 3533 1163 3600 ἀντ’
1187 3533 1372 3618 ὀστράκων.

317 3647 423 3733 „Mihi
453 3648 567 3733 oiim,”
599 3651 644 3716 ait
674 3649 871 3734 Meinekius,
898 3650 1072 3736 „ottoque
1095 3649 1184 3719 vario
1204 3649 1297 3716 leotio
1317 3669 1399 3735 per-

272 3761 397 3848 „tieipii
427 3761 555 3838 ζέοντες
586 3765 620 3828 in
650 3783 743 3830 versu
774 3763 975 3850 praecedenti
1005 3771 1037 3830 et
1060 3771 1255 3846 ποταμοῖσιν
1279 3761 1400 3838 ἐξενέ-

230 3891 237 3906 ’
272 3899 400 3960 ηχοντο
432 3877 632 3944 seribendum
661 3877 837 3944 videbatur.
869 3878 934 3945 Sed
964 3879 1092 3946 retinuit
1122 3899 1173 3945 me
1199 3879 1338 3946 Pollueis
1366 3892 1402 3948 et
1474 3891 1475 3894 ’

271 3989 457 4074 „Athenaei
479 3991 682 4060 eonsensus.”
707 3991 767 4057 Ille
785 4011 861 4059 vero
879 4011 1053 4060 eonsensus
1069 3991 1148 4058 uihil
1163 3991 1400 4078 uliudprohut,

269 4102 331 4168 nisi
354 4103 449 4169 istum
472 4123 610 4170 errorem
630 4105 692 4170 iem
711 4105 885 4188 antiquitus
903 4105 962 4172 hos
982 4105 1274 4188 vorsnsinvosisse,
1286 4125 1402 4191 neque

270 4201 346 4300 quin
375 4235 486 4284 verum
515 4217 629 4284 viderit
656 4217 704 4284 vir
727 4218 875 4303 egregius
897 4217 1044 4302 equidem
1066 4225 1218 4304 punctum
1240 4223 1403 4304 temporis
1473 4219 1474 4286 i
