2990 5012
821 516 864 582 28

325 697 374 764 Of.
398 697 707 787 Aristophanes
730 699 879 770 Aetam.
906 704 1009 770 1229:

371 815 425 876 καί
450 818 529 898 πρός
553 815 582 893 y’
607 819 755 900 ἄκρατον
781 816 896 902 ἐγχέας
919 821 1062 901 ἄμυστιν
1087 817 1129 894 ἐξ
1139 817 1154 882 ε’
1164 817 1304 904 laipno

282 933 315 993 et
338 925 418 994 Par.
443 927 524 994 850:

436 1043 494 1107 τόν
520 1041 625 1125 ζωμὸν
651 1045 751 1126 αὐτῆς
775 1045 967 1129 προσπεσὼν
994 1044 1246 1130 ἐκλάψεται.

325 1155 433 1222 Litora
462 1181 479 1220 ο
508 1161 624 1242 μικρόν
648 1165 704 1225 ont
726 1179 813 1226 mero
834 1159 968 1227 debetur
989 1161 1109 1228 librarii
1131 1159 1244 1246 errori,
1267 1167 1323 1228 aut
1344 1159 1398 1226 hu·
1480 1225 1481 1230 ,

282 1269 456 1348 ioseemodi
478 1271 668 1358 scripturae:

701 1411 766 1450 arro

669 1501 717 1584 ᾠὰ
742 1498 908 1566 ’κλάπτιον
934 1505 1001 1566 κτὲ.

324 1613 443 1680 Ultimo
474 1633 570 1680 verso
593 1615 727 1681 observa
748 1614 933 1702 productam
956 1615 1064 1684 Ionioo
1086 1635 1174 1682 moro
1196 1617 1401 1703 penultimam
1480 1635 1481 1654 ¹

280 1727 314 1794 in
348 1727 501 1795 voosbnlo
541 1725 639 1807 καλά,
675 1728 761 1814 quod
794 1729 911 1816 optime
945 1729 1079 1814 quadrat
1112 1750 1184 1797 enm
1217 1751 1402 1816 praegresso
1480 1817 1481 1824 ρ

280 1847 452 1926 Ἐφεσήια.
479 1843 517 1908 In
539 1841 719 1926 fragmento
742 1843 887 1927 sequenti
910 1843 1110 1912 scribendum
1129 1843 1253 1910 videtur
1271 1864 1401 1911 numero

278 1957 392 2044 plurali
428 1953 597 2040 τρίχορόα,
632 1956 739 2042 potius
768 1977 863 2040 qnam
893 1955 1065 2044 τρίχορδον
1097 1978 1170 2024 eum
1200 1957 1402 2041 sagacissimo
1480 2025 1481 2032 ς

281 2069 418 2154 editore,
442 2090 501 2156 pro
524 2067 727 2154 τριχόρδους·

325 2297 403 2382 Peg.
428 2295 504 2364 351.
528 2295 681 2365 Eiusdem
702 2297 955 2363 ΠΛΟΤΣΙΩΝ
976 2297 1014 2362 fr.
1039 2297 1072 2364 I:

485 2414 703 2496 Αιοιρροιγήτω
726 2413 861 2496 χᾶτερος
887 2409 1032 2476 δειπνῶν
1056 2435 1107 2486 τις
1131 2401 1178 2490 εὖ,

485 2530 527 2608 μὴ
553 2525 700 2608 Κτησίας
723 2530 832 2607 μόνος.
860 2528 894 2588 Β
918 2527 950 2589 τί
973 2531 1034 2609 γάρ
1059 2548 1092 2590 σε
1117 2524 1248 2605 κωλύεις

412 2638 462 2702 Α.
488 2637 625 2704 δείπνου
649 2642 710 2724 γὰρ
736 2624 843 2720 οὗτος,
869 2639 912 2714 ὥς
937 2637 1089 2717 λέγουσιν
1115 2640 1146 2704 or‘
1170 2641 1276 2722 ononi,

486 2751 603 2838 α’ρχήν,
629 2751 784 2834 τελευτὴν
809 2751 837 2816 ‹i'
863 2752 988 2836 ἔμαθεν
1013 2751 1233 2819 οὐδεπώποτε.

322 2867 395 2933 Duo
425 2887 536 2934 versus
565 2866 685 2953 priores
712 2887 785 2934 eom
808 2864 932 2934 duobus
954 2867 1180 2953 posterioribus
1197 2868 1247 2942 ¹ito
1264 2867 1404 2954 pessime

279 2981 451 3050 cohaerent
457 3031 466 3064 ,
498 2987 533 3046 ut
563 2981 641 3047 mihi
671 2981 799 3065 quidem
830 2981 961 3048 dubium
984 3002 1047 3048 non
1070 2981 1127 3065 sit,
1150 2981 1227 3064 quin
1249 3003 1270 3048 s
1291 2981 1404 3048 soribis

280 3097 362 3162 mole
384 3095 437 3162 hio
458 3095 601 3163 eollooeti
620 3095 684 3162 sint
702 3093 766 3161 duo
785 3095 888 3161 ultimi
907 3115 1032 3179 versus,
1052 3095 1106 3178 qni
1125 3095 1204 3160 nihil
1220 3095 1406 3161 contineant

279 3211 341 3278 nisi
363 3210 482 3277 veriam
505 3209 690 3292 lectionem,
711 3209 786 3276 olim
802 3209 993 3294 adscriptam
1016 3205 1405 3296 Chrysorhoifrngmento
1480 3215 1481 3262 t

280 3323 326 3412 (p.
339 3323 437 3412 353),
462 3323 547 3408 quod
565 3324 661 3409 poulo
680 3329 754 3389 ante
776 3329 968 3390 memoratur
988 3324 1030 3389 ab
1048 3322 1230 3406 Athenaeo,
1252 3323 1404 3410 seriptum
1480 3331 1481 3384 ἲ

279 3439 312 3504 in
334 3439 420 3506 hune
442 3437 588 3504 modum:

434 3553 490 3614 ’Ἢ
496 3550 515 3614 δ
524 3577 544 3635 η
569 3547 684 3637 σχεδόν
709 3575 741 3614 τι
765 3555 877 3616 πάντα
901 3572 951 3614 σοι
976 3549 1063 3631 πλὴν
1091 3552 1247 3634 Κτησίου·

437 3663 574 3730 δείπνου
599 3667 660 3748 γὰρ
685 3647 792 3743 οὗτος,
818 3665 861 3738 ὠς
886 3662 1039 3742 λέγουσιν
1064 3666 1097 3728 oi
1119 3667 1213 3746 σοφοί

435 3777 552 3865 ἀρχήν,
579 3777 735 3860 τελευτὴν
761 3777 789 3843 δ’
815 3778 873 3843 οὐκ
898 3779 1072 3844 ἐπίσταται
1097 3784 1206 3861 μόνος.

324 3894 379 3961 Vs.
402 3894 504 3980 primo
527 3892 676 3960 ooniieio:

413 4012 451 4069 Π
458 4005 560 4090 λήρη
584 4004 698 4092 σχεδόν
722 4031 755 4070 τι
780 4012 890 4072 πάντα
916 4029 965 4071 σοι
990 4003 1261 4088 πλὴννΚτησίου.

324 4121 491 4190 Adiectivo
513 4118 637 4205 πλήρης
659 4121 720 4188 hoo
743 4141 839 4190 sensu
859 4119 1040 4212 (motor)
1061 4141 1137 4190 usos
1156 4127 1205 4192 est
1222 4121 1305 4188 inter
1322 4119 1405 4188 elios

281 4237 469 4336 Eubulus
491 4236 525 4306 in
549 4233 685 4302 Dolonis
706 4234 744 4303 tr.
771 4237 787 4302 1
815 4233 860 4324 (p.
884 4235 983 4326 220):
