2944 5002
637 353 678 413 25

88 562 182 629 quaeso
214 541 334 608 Graece
366 539 504 605 scribens
532 559 596 602 non
618 536 769 606 dedisset:
797 537 944 604 πλεῖστόν
967 563 1002 603 τε
1026 539 1078 604 nol
1106 535 1248 614 turano?

89 661 186 727 Deinde
215 660 338 726 dnobus
364 659 446 725 vitiis
469 661 672 749 inquinatum
693 673 739 726 est
759 661 872 750 fragm.
895 660 1004 727 XXV:
1037 656 1082 725 ἔτι
1112 659 1170 726 ὑπὸ
1194 666 1250 734 τῆς

87 783 179 864 πέτρος
211 781 431 863 eleplensis
464 784 560 846 πᾶσιν
589 781 712 856 ἐποίησε
735 786 879 865 φανερὸν,
904 785 942 856 ὡς
967 780 1143 865 ἒοοιοφοολές
1167 783 1250 845 ἐστιν

22 869 23 892 l
87 905 159 985 ἰσχὺν
174 902 321 984 μεγάλην
342 901 444 984 ἔχειν,
468 906 534 968 νοῦν
558 901 589 966 δὲ
612 900 733 982 μικρόν,
758 902 814 967 uhi
835 925 906 968 vera
930 901 1044 980 leutio,
1069 903 1104 966 ni
1126 901 1251 990 egregie

22 1111 23 1114 Ἴ
87 1023 174 1104 fallor,
197 1025 278 1090 haee
301 1037 366 1090 est:
392 1019 438 1089 ὅτι
463 1025 522 1090 ὑπὸ
545 1030 600 1099 τῆς
623 1023 739 1105 πέτροις
760 1023 988 1106 διοροοχθεὶς
1008 1027 1105 1090 odoro
1127 1022 1249 1097 ἐποίησε

22 1119 24 1148 l

87 1146 209 1226 Φοοερὸν,
240 1149 280 1218 ὦς
311 1143 489 1228 ἐπισφαλές
513 1145 596 1210 ἔστιν
623 1144 716 1227 ἰσχὺν
739 1146 812 1224 μὲν
836 1143 982 1224 μεγάλην
1006 1143 1109 1226 ἔχειν,
1130 1146 1194 1208 νοῦν
1218 1142 1249 1206 δὲ

22 1343 23 1346 ¹
87 1266 177 1348 uolr-

22 1359 23 1370 ἵ
121 1385 192 1465 Sed,
223 1388 409 1476 priusquam
439 1409 606 1477 pergamus
635 1387 803 1452 emendare
827 1387 900 1452 libri
924 1387 970 1452 IX
994 1401 1026 1452 et
1050 1387 1249 1476 sequentium

22 1547 23 1580 r
86 1507 257 1596 fragmenta,
282 1507 478 1574 redeundum
502 1521 549 1574 est
572 1507 612 1572 ad
634 1507 750 1574 librum
776 1508 876 1588 VIII,
898 1508 954 1574 ubi
972 1509 1079 1575 nescio
1091 1507 1250 1598 quomodo

86 1628 178 1696 oblitus
202 1653 274 1696 sum
292 1652 467 1696 memorare
487 1630 723 1708 coniecturam,
749 1653 812 1719 qua
824 1632 994 1697 restituisse
1007 1630 1086 1696 mihi
1097 1629 1205 1696 videor
1216 1630 1249 1695 in

87 1750 221 1839 integrum
239 1749 424 1830 oraculum,
450 1749 535 1838 quod
560 1748 753 1840 Antiphemo
777 1764 808 1816 et
828 1753 957 1818 Eutimo
978 1752 1089 1818 Gelam
1101 1749 1249 1816 eonditu-

86 1873 116 1934 ris
140 1871 245 1936 datum
276 1870 392 1960 legitur
413 1871 447 1936 in
470 1871 510 1935 fr.
537 1869 688 1936 XXVIII.
737 1869 806 1936 Duo
830 1871 934 1936 ultimi
959 1895 1064 1938 versus
1088 1872 1182 1938 hodie
1206 1872 1249 1938 sio

85 1991 250 2080 vulgantur:

197 2113 375 2194 δειμάμενοι
396 2115 568 2196 πτολίεθρον
591 2115 665 2192 duni
690 2119 811 2196 Κρητῶν
833 2114 952 2179 Ῥοδίων
975 2139 1010 2180 τε

197 2237 261 2318 πὰρ
282 2236 421 2318 προχοὰς
444 2243 594 2314 assensio
619 2236 721 2313 Γέλοο,
745 2235 956 2316 σονοροώνομον
979 2235 1109 2314 ἄγνον.

117 2355 197 2422 Nihil
220 2371 327 2423 antem
349 2357 474 2422 facilius
496 2368 542 2422 est
566 2379 663 2446 quam
686 2355 919 2435 demonstrare,
942 2380 1000 2446 pro
1020 2357 1115 2436 οὶγοόο
1136 2360 1247 2424 rescri-

22 2559 23 2564 ἵ
83 2475 203 2545 bendum
226 2502 293 2545 esse
316 2479 413 2557 ἁγνοῦ
436 2491 467 2544 et
490 2477 690 2568 referendum
711 2501 777 2544 esse
798 2477 859 2544 hoe
882 2477 1044 2567 epitheton
1068 2478 1107 2542 ad
1127 2479 1248 2546 llumen

22 2591 24 2628 l
83 2597 188 2665 Gelam.
236 2599 320 2666 Nam
354 2599 428 2680 ἱερὸς
464 2597 592 2687 quidem
627 2611 673 2664 est
703 2599 844 2663 solemne
876 2598 959 2686 apud
991 2598 1165 2664 Homerum
1197 2601 1247 2666 llii

81 2719 261 2810 aliammque
296 2719 422 2785 urbium
457 2720 608 2796 ἐπίθετον,
639 2731 671 2784 et
704 2729 809 2798 reete,
834 2741 909 2783 nans
938 2720 1013 2800 ἱερὸς
1036 2718 1075 2783 ad
1099 2722 1248 2786 amussim

80 2842 229 2930 respondet
275 2841 429 2906 adieetivo
471 2839 584 2905 Latino
628 2863 748 2918 saner,
795 2841 889 2918 dysis
936 2817 1045 2906 contra
1090 2843 1248 2932 significat

80 2973 220 3028 sonetum
245 2972 279 3027 et
299 2963 341 3026 ab
360 2965 452 3025 omni
475 2963 550 3025 labe
567 2983 717 3051 purum,
739 2960 848 3049 itaque
871 2962 958 3040 οὶγνοὶ
982 2962 1044 3028 diei
1066 2978 1197 3052 possunt
1217 2977 1248 3032 et

80 3081 211 3149 dieuntnr
229 3083 296 3161 dii,
320 3081 405 3147 unde
417 3082 560 3171 sequitur
570 3081 654 3148 idem
667 3105 731 3147 esse
742 3082 878 3147 sontium
891 3083 1125 3173 fluminumque
1137 3099 1247 3176 aptum

22 3193 24 3204 ⁸
79 3204 238 3290 epitheton3
273 3225 348 3268 narn
379 3215 410 3268 et
440 3226 497 3292 pro
528 3201 586 3268 diis
609 3201 768 3268 habentur
792 3225 809 3266 a
829 3203 984 3270 veteribus
1004 3217 1035 3271 et
1054 3220 1181 3295 praeter
1199 3209 1247 3298 ig-

22 3319 23 3326 '
78 3344 140 3390 nem
156 3326 237 3392 nihil
255 3327 289 3390 in
307 3325 393 3390 omni
411 3347 517 3389 rerum
537 3337 649 3390 natura
671 3347 753 3414 aqna
768 3326 877 3415 purius
901 3327 1070 3393 invenitur.
1098 3329 1249 3419 Exempla

22 3481 24 3522 n
79 3459 139 3510 sunt
177 3447 298 3536 ubique
341 3445 484 3524 obviam,
529 3458 721 3535 quapropter
762 3446 919 3512 suffecerit
953 3447 1094 3514 laudasse
1131 3449 1246 3517 Aesoh.

78 3565 150 3632 Pers.
184 3572 247 3633 495
280 3585 347 3656 sq.:
377 3567 534 3644 πήγνυται
558 3567 589 3632 δὲ
613 3571 677 3632 πᾶν
700 3565 809 3648 ῥεέθρον
833 3567 928 3645 ἁγνοῦ
953 3569 1137 3647 Στρυμόνος.
1185 3569 1248 3638 Sed

75 3701 229 3777 propterea
261 3685 349 3776 quod
377 3687 512 3752 llumina
543 3699 574 3752 et
606 3687 708 3753 lontes
738 3686 816 3767 diis,
850 3711 867 3751 a
902 3688 1015 3776 quibus
1041 3689 1247 3773 habitantur,

22 3791 24 3870 l
78 3808 113 3892 (et
135 3809 326 3899 anhnsounr
345 3805 431 3872 haud
454 3829 524 3871 raro
548 3805 819 3894 oonfunduntur,)
845 3809 924 3873 sacri
947 3822 1039 3888 sunt,
1064 3811 1160 3877 iidem
1184 3837 1248 3879 non

74 3933 169 3998 minus
202 3953 294 4020 saepe
318 3928 451 3994 andiunt
474 3929 553 4010 ἱεροί.
600 3923 716 3994 Contra
741 3929 852 3994 urbem
866 3930 979 4008 suynus
1002 3933 1162 4022 appellare
1185 3959 1250 4002 non

22 4061 24 4136 l
75 4053 169 4119 minus
199 4053 281 4119 foret
314 4050 485 4116 absurdum
517 4073 612 4138 quam
635 4048 731 4115 deum
754 4049 837 4130 ἱεράν.
886 4049 1017 4118 Minime
1041 4053 1138 4142 igitur
1155 4055 1249 4121 dubi·

22 4189 24 4242 ss
74 4195 120 4239 um
141 4187 212 4252 est,
236 4173 314 4261 quin
336 4171 439 4238 deleta
463 4193 590 4261 quoque
614 4172 735 4261 virgula
758 4195 829 4240 rere
854 4175 1100 4240 correxerimus:

22 4245 26 4326 l
202 4293 265 4374 πὰρ
287 4292 425 4375 προχοὰς
448 4299 600 4371 ποταμοῖο
623 4293 708 4358 Γέλοι
732 4294 943 4374 ουνομώοοροοο
967 4295 1092 4373 ἁγνοῦ.

110 4414 289 4481 Redeamus
320 4413 359 4479 ad
386 4413 505 4478 librum
533 4413 598 4490 tx,
631 4413 686 4478 ubi
716 4414 749 4478 in
773 4414 884 4503 fragm.
912 4421 953 4480 35
980 4439 1022 4480 rs.
1050 4421 1068 4479 7
1093 4416 1245 4504 legimns:

70 4537 131 4602 ὅδὲ
155 4535 313 4609 Πιττακὸς
337 4536 354 4611 ἢ
378 4535 452 4608 Βίοις
478 4534 644 4614 ὑπολαβών
668 4540 771 4618 φησιν.
801 4535 846 4600 Er
868 4535 982 4624 quibus
1000 4533 1101 4598 verbis
1120 4535 1249 4602 foedum

22 4715 23 4748 r
69 4655 316 4725 additamentum
347 4657 502 4729 Uirronis
532 4655 567 4734 ἦ,
600 4655 683 4744 quod
713 4655 797 4721 nnde
826 4655 937 4742 pedem
969 4653 1111 4718 intulerit
1134 4657 1247 4720 frustra

1029 4775 1045 4825 4
