2968 5014
837 419 881 480 84

340 598 359 656 2
399 591 449 658 Fr.
482 591 635 658 XXVIII
668 590 760 666 ῖλκος
790 585 852 679 peip
884 587 977 656 πέλει
1006 590 1064 678 τῆς
1095 581 1255 677 ἀληθείας
1284 578 1416 678 φθόνος.

295 709 422 774 Frustra
434 707 474 770 W
477 730 548 796 agn.
560 706 690 794 corrigit
712 705 804 772 πέλει
825 697 887 794 γόρ
897 731 908 787 ,·
926 727 994 770 nam
1012 727 1117 769 versus
1140 711 1186 769 est
1198 702 1306 792 procul
1328 701 1417 766 dubio

294 824 452 912 politicus.
472 823 521 888 Ad
538 823 618 886 idem
640 843 739 908 genus
758 823 854 886 resero
872 843 989 886 versum
1003 843 1049 906 ap.
1065 819 1163 884 Mich.
1186 824 1310 907 Apost‚
1333 839 1415 902 quem

295 944 440 1005 memorat
463 939 513 1001 W.
538 937 595 1002 sub
611 935 716 1002 XXV:
739 928 886 1022 γυναικός
907 925 990 1020 aridi}
1012 923 1155 1008 θάνατος
1175 931 1353 1020 νεωτέροις.

340 1061 359 1120 3
386 1055 438 1120 Fr.
471 1053 621 1118 XXXIV
651 1043 772 1123 λκανοῖς
801 1037 935 1128 βιώσεις
965 1044 1175 1132 γηροβοσκεῖν
1204 1035 1280 1118 συός
1311 1050 1417 1129 γονεῖς.

294 1172 390 1236 Hunc
430 1175 530 1232 tamen
567 1189 686 1232 versum
719 1164 898 1228 dubitanter
929 1160 1062 1245 recepIt,
1097 1159 1211 1244 quippe
1233 1157 1286 1241 qui
1313 1158 1416 1222 canoni

292 1287 484 1352 Porsoninno
519 1283 704 1347 adversetur.
747 1275 963 1343 Dubitandum
1000 1295 1060 1338 noo
1100 1279 1179 1348 erot;
1221 1295 1290 1336 nam
1333 1275 1417 1337 etiam

291 1393 425 1484 βιώσεις
447 1421 501 1485 pro
528 1390 644 1480 βιιίσει
666 1395 800 1460 recentis
823 1393 933 1456 aetatis
956 1395 1003 1455 est
1026 1389 1187 1453 indicium.

338 1525 359 1579 4
383 1515 433 1579 Fr.
459 1513 569 1579 XLIV
597 1503 697 1599 φύσει
719 1503 780 1596 γάρ
809 1495 990 1593 ε’χθρόντδ
1013 1502 1128 1568 δοῦλον
1148 1503 1219 1574 τοῖς
1238 1491 1417 1573 δεσπόταις.

294 1633 422 1700 Frustra
448 1634 579 1694 metrum
604 1627 791 1712 corrigItur‚
814 1639 884 1683 nara
907 1623 953 1682 est
977 1639 1021 1681 vs.
1047 1615 1205 1702 politicus.

340 1755 358 1812 5
372 1745 472 1812 XLV.
484 1741 607 1831 χρυσοῦ
626 1738 838 1807 λαλοῦντος
856 1731 924 1806 πᾶς
939 1727 1144 1819 όπριικτείτιυ
1155 1727 1193 1812 (l.
1205 1731 1308 1813 -ται)
1321 1717 1418 1813 λόγος,

480 1857 607 1922 πείθειν
625 1844 686 1938 γόρ
710 1843 779 1915 οἶδε
800 1843 853 1910 καί
874 1842 1004 1932 πέφυκε
1023 1835 1067 1930 μή
1088 1841 1198 1929 λέγειν.

339 1975 460 2040 Recens
487 1991 592 2035 aevum
619 1965 724 2053 prodit
744 1961 851 2028 λαλεῖν
877 1979 932 2044 pro
956 1955 1057 2042 λέγειν
1086 1965 1266 2043 usurpatum
1297 1959 1328 2020 et
1356 1976 1421 2018 sen·

296 2090 394 2155 tentia
418 2087 546 2174 pessime
569 2086 717 2168 concepta
740 2075 848 2140 verbis.

345 2209 374 2268 6.
399 2201 558 2288 Sequioris
581 2197 645 2261 aevi
670 2198 826 2282 poetastro
850 2187 953 2253 tribuo
977 2209 1083 2252 versus
1107 2209 1155 2273 ap.
1182 2191 1264 2251 anet.
1293 2205 1422 2272 compar.

298 2323 383 2386 Men.
415 2323 445 2382 et
476 2314 558 2382 Phil.
591 2336 619 2400 p.
650 2312 733 2385 351,
760 2308 792 2370 io
816 2303 930 2391 quihus
953 2303 1154 2367 emendandis
1181 2301 1248 2367 scil.
1272 2299 1372 2366 oleum
1394 2303 1422 2362 et

298 2457 418 2524 operam
443 2431 577 2522 perdunt
601 2425 660 2492 viri
684 2423 785 2489 docti:

448 2538 474 2612 -ii
494 2545 547 2610 δεῖ
564 2543 688 2607 παθεῖν
710 2557 748 2604 σε
770 2533 920 2623 μηδαμοῦ
943 2527 1069 2619 ordorp
1092 2533 1245 2619 φυγεῖν,

453 2648 491 2723 ori
511 2650 571 2742 ydo
593 2643 714 2741 δυνήσῃ
735 2643 911 2738 φεύγειν,
936 2637 957 2711 ὅ
977 2663 1020 2708 σε
1041 2643 1104 2709 δεῖ
1123 2645 1294 2720 παθεῖν,

452 2763 491 2834 τό
513 2761 728 2853 πεπρωμένον
749 2754 810 2849 γόρ
832 2751 871 2824 ori
891 2749 989 2840 μόνον
1010 2758 1143 2844 βροτοῖς

454 2867 618 2966 ἄφευκτόν
637 2873 740 2954 ἐστιν,
763 2865 845 2937 ἄλλό
867 2867 918 2935 καί
939 2861 1005 2934 τόν
1025 2856 1197 2955 οιῖρανόν.

346 2995 496 3063 Diduetis
518 2991 618 3056 literis
643 2986 839 3076 significavi,
870 3005 946 3069 qnae
979 3003 996 3044 a
1028 2987 1127 3045 vetere
1153 2985 1242 3066 poeta
1265 2975 1312 3040 vel
1343 2972 1428 3036 ualde

302 3112 448 3179 mediocri
469 3110 605 3197 protecta
636 3127 700 3169 ease
730 3105 895 3187 nequeunt.
927 3099 1086 3162 Praeterea
1114 3117 1158 3159 vs.
1178 3095 1198 3160 3
1222 3091 1351 3157 elnmbr's
1374 3094 1428 3154 est.

789 3253 943 3267 .-

349 3351 480 3416 Versum
505 3369 550 3433 ap.
574 3345 674 3410 Onam.
698 3343 756 3406 An.
781 3335 838 3404 Gr.
863 3337 922 3401 Ox.
942 3336 959 3399 I
983 3357 1011 3420 p.
1035 3335 1096 3410 88,
1121 3333 1173 3396 30.

510 3448 593 3526 Ἀλλ’
613 3443 779 3538 όντόμεθα
800 3441 887 3538 πρός
907 3441 1010 3534 Ζηνός
1030 3437 1201 3526 Ὀλυμπίου

305 3575 558 3644 Schneidewinus
578 3567 738 3654 rescripsit
761 3566 794 3630 in
817 3563 902 3628 huno
925 3560 1064 3626 modum:

512 3679 592 3750 Ἀλλ’
612 3673 801 3763 όντόμεσθα
821 3669 907 3764 πρός
927 3667 1006 3750 Διός
1026 3663 1241 3756 τσόλυμπίου.

306 3830 354 3872 rnc
377 3803 481 3869 iudIce
503 3821 610 3888 parum
634 3791 853 3883 probabiliter,
877 3790 950 3876 quia
969 3786 1123 3874 quomodo
1146 3772 1227 3856 Διός
1241 3784 1274 3847 in
1290 3777 1431 3846 rariorem

152 3919 168 3926 ’”
308 3923 470 4004 minusque
500 3923 602 3981 notam
635 3910 771 3976 librariis
801 3909 928 3972 formum
953 3903 1036 3968 ubire
1059 3901 1212 3990 potuerit,
1234 3920 1296 3964 non
1319 3895 1433 3984 perspi·

309 4039 399 4103 citur.
423 4037 495 4122 Ipse
517 4027 677 4096 dochmios
701 4025 794 4090 latere
817 4028 893 4109 puto
916 4021 962 4085 sic
985 4016 1208 4083 restituendos:

977 4123 1046 4198 ἄλλ’

517 4245 670 4336 ἀντόμεθ’
691 4239 719 4314 οἶ
739 4269 777 4313 σε
798 4239 883 4334 πρός
905 4237 1007 4331 Ζηνός
1029 4235 1210 4325 Ὀλυμπίου.

794 4379 950 4395 *flea-¹-
