2946 5014
259 1381 556 1508 ἰιιιιοιιιιι
591 1419 656 1508 nr
691 1417 1035 1510 couniuntur.

571 1725 765 1752 -W—

119 1991 192 2080 Peg.
220 1995 239 2055 2
266 2015 308 2056 vs.
333 1991 511 2080 penultimo
534 1989 604 2056 dele
628 1991 801 2058 voeabula:
829 2015 997 2057 unacum
1022 1997 1162 2058 ceteris.

118 2109 192 2200 Peg.
240 2115 282 2203 12
324 2117 368 2176 ιε’.
409 2113 463 2176 19.
525 2111 600 2178 Sine
635 2109 734 2177 dubio¹
767 2114 919 2203 seriptum
954 2125 1000 2178 est
1034 2111 1151 2188 ἡδονάς.
1210 2110 1259 2179 CI.

82 2227 200 2297 Stobrei
231 2231 341 2298 Floril.
375 2229 449 2308 XO,
484 2239 520 2311 4,
552 2232 609 2298 ubi
639 2233 702 2298 hoo
731 2234 843 2322 fragm.
872 2233 1121 2324 Euripideume
1153 2234 1262 2300 Dente

78 2349 192 2437 plenius
215 2364 325 2418 exstat.
912 2370 913 2378 ¹

117 2469 187 2560 Peg.
215 2476 269 2537 14.
319 2471 456 2538 Videant
479 2472 552 2553 elii,
578 2475 675 2540 enin
699 2475 780 2540 Ionis
804 2473 964 2564 epitaphio
996 2497 1014 2538 a
1040 2497 1092 2540 me
1121 2451 1261 2541 correcto

78 2604 206 2658 metrum
229 2592 414 2672 heroicum,
441 2617 503 2684 quo
524 2594 600 2660 olim
623 2593 709 2660 houd
733 2595 829 2660 dubie
852 2607 1041 2685 conceptum
1064 2595 1144 2675 fuit,
1170 2597 1261 2660 resti-

79 2723 157 2778 tuere
180 2727 311 2804 queant.
872 2695 882 2720 ’
1235 2687 1250 2712 δ’

115 2831 235 2900 Locum
269 2837 467 2900 sanissimum
503 2837 587 2900 uitro
623 2838 749 2926 corrupi
783 2860 815 2927 p.
852 2838 891 2902 17
917 2837 987 2902 init.
1029 2840 1093 2901 Τοῦ
1115 2834 1260 2915 σώματος

75 2950 225 3035 διαιρέσεις
258 2941 447 3022 e'Diodoro
478 2955 541 3021 diei
564 2958 702 3046 potuisse
725 2959 894 3035 vulnero,
919 2957 1096 3022 docuerunt
1118 2935 1171 3022 ine
1195 2956 1259 3022 duo

77 3071 162 3140 huius
181 3075 341 3165 scriptoris
364 3077 438 3142 Ioci.
477 3075 566 3141 Alter
589 3089 635 3142 est
655 3075 711 3142 lib.
734 3077 768 3152 Ι,
795 3099 864 3166 cup.
892 3082 933 3142 35
959 3076 1015 3141 ubi
1038 3076 1077 3142 de
1102 3076 1258 3142 crocodilo

76 3191 202 3261 dieitur:
236 3205 299 3270 τοῖς
333 3197 357 3262 δ’
389 3195 468 3272 ὄνυξι
499 3197 598 3270 δεινῶς
631 3196 805 3278 σπαράττει
837 3197 890 3262 καὶ
918 3198 953 3262 τὸ
978 3199 1179 3278 διαιρεθὲν
1202 3207 1258 3273 τῆς

34 3339 35 3344 ’
75 3317 178 3394 σαρκὸς
203 3324 363 3389 παντελῶς
386 3316 601 3398 ἀπεργάζεται
627 3317 777 3382 δυσίατον.
827 3316 916 3382 Alter
934 3316 1049 3406 legitur
1068 3317 1124 3382 lib.
1148 3317 1259 3383 XVIII

76 3453 137 3523 erp.
170 3441 231 3503 31:
267 3439 280 3502 d
311 3439 368 3517 μὲν
397 3437 538 3516 Εὐμένης
564 3435 752 3520 ἔφθασε-
774 3441 828 3503 τοῦ
851 3436 1071 3517 Νεοπτολέμου
1094 3439 1149 3513 τὴν
1172 3439 1258 3516 ἰγνὺν

34 3533 35 3536 ¹
76 3555 240 3639 πατάξας,
260 3556 407 3636 μεγάλης
431 3558 462 3623 δὲ
486 3557 652 3638 γενομένης
678 3558 916 3638 διαιρέσεως
940 3557 992 3622 καὶ
1013 3557 1189 3640 σφαλείσης
1202 3566 1258 3635 τῆς

73 3673 189 3752 βάσεως
217 3679 282 3744 κτὲ.
331 3679 423 3744 Peius
455 3691 520 3758 est,
554 3677 639 3767 quod
668 3676 845 3758 διάτρωσις,
877 3701 918 3744 ne
947 3678 1103 3744 Graecum
1128 3679 1257 3768 quidem

74 3799 280 3879 vocabulum,
308 3801 428 3866 Graeco
452 3813 483 3866 et
507 3823 582 3866 sono
603 3799 792 3866 substituere
815 3799 911 3864 volui.

110 3918 255 3986 Nimium
274 3921 404 3986 sortasse
423 3919 521 3986 tribui
541 3918 677 3986 Diodoro
696 3943 769 4010 pag.
789 3924 844 3996 18,
870 3943 914 3984 vs.
930 3923 949 3984 9
963 3942 1081 4009 negans
1093 3943 1167 3986 eunr
1181 3922 1257 3986 sori·
1309 3953 1314 3962 ·

74 4035 140 4104 bere
169 4043 308 4130 potuisse
333 4038 564 4121 μετάπεμπτος
592 4043 707 4106 omisso
736 4037 908 4131 participio
930 4039 1112 4120 γενόμενος,
1138 4043 1256 4132 quippe

73 4162 120 4245 qui
139 4159 283 4241 dederit,
305 4164 330 4227 si
352 4163 441 4228 Ioous
466 4185 559 4228 sanus
583 4163 641 4240 sit,
667 4160 725 4228 lib.
741 4161 817 4228 xvl
830 4185 858 4228 o.
875 4166 914 4228 61
931 4175 1034 4227 ertu:
1058 4162 1130 4244 πρὸς
1143 4163 1174 4228 δὲ
1186 4164 1256 4235 τοὺς

74 4283 285 4360 συμπλέοντας
323 4281 384 4367 ἔφη
414 4282 716 4364 μετάπεμπτος
749 4291 838 4348 πλεῖν
873 4283 930 4348 ὑπδ
961 4289 1020 4350 τῶν
1051 4283 1086 4361 ἐξ
1116 4283 1257 4356 Ἰταλίας

73 4401 116 4465 καὶ
141 4405 302 4479 Σικελίας.

109 4524 146 4590 In
172 4524 279 4591 eduot.
304 4525 343 4590 ad
363 4549 436 4616 pag.
465 4530 506 4592 19
530 4527 635 4591 minus
659 4512 853 4592 considerate
874 4547 940 4589 rent
960 4526 1050 4613 gessi.
1084 4523 1258 4590 Diodorum

73 4641 124 4711 hro
147 4648 182 4714 in
205 4671 239 4716 re
264 4646 311 4713 ab‘
328 4647 544 4737 antiquiorum
564 4645 722 4715 scribendi
742 4668 851 4712 norma
869 4665 932 4710 non
953 4643 1144 4724 desciscere,
1165 4647 1260 4712 multi

968 4765 1004 4817 29
1016 4765 1029 4796 ’δ
