<?xml version="1.0" encoding="UTF-8"?>
<!DOCTYPE html PUBLIC "-//W3C//DTD XHTML 1.0 Transitional//EN"
    "http://www.w3.org/TR/xhtml1/DTD/xhtml1-transitional.dtd">
<html xmlns="http://www.w3.org/1999/xhtml" xml:lang="en" lang="en">
 <head>
  <title>
</title>
<meta http-equiv="Content-Type" content="text/html;charset=utf-8" />
  <meta name='ocr-system' content='tesseract 3.04.00' />
  <meta name='ocr-capabilities' content='ocr_page ocr_carea ocr_par ocr_line ocrx_word'/>
</head>
<body>
  <div class='ocr_page' id='page_1' title='image "./exercitationesc02herwgoog/exercitationesc02herwgoog_0055.png"; bbox 0 0 2944 5002; ppageno 0'>
   <div class='ocr_carea' id='block_1_1' title="bbox 787 349 829 410">
    <p class='ocr_par' dir='ltr' id='par_1_1' title="bbox 787 349 829 410">
     <span class='ocr_line' id='line_1_1' title="bbox 787 349 829 410; baseline 0.048 -2"><span class='ocrx_word' id='word_1_1' title='bbox 787 349 829 410; x_wconf 72' lang='lat'><strong>26</strong></span> 
     </span>
    </p>
   </div>
   <div class='ocr_carea' id='block_1_2' title="bbox 210 531 1467 4004">
    <p class='ocr_par' dir='ltr' id='par_1_2' title="bbox 210 531 1467 4004">
     <span class='ocr_line' id='line_1_2' title="bbox 213 531 1401 626; baseline -0.002 -24"><span class='ocrx_word' id='word_1_2' title='bbox 213 559 350 626; x_wconf 80' lang='lat' dir='ltr'>quaero,</span> <span class='ocrx_word' id='word_1_3' title='bbox 375 533 501 601; x_wconf 78' lang='lat' dir='ltr'><strong>exulare</strong></span> <span class='ocrx_word' id='word_1_4' title='bbox 524 531 707 612; x_wconf 87' lang='lat' dir='ltr'><strong>iubeamus,</strong></span> <span class='ocrx_word' id='word_1_5' title='bbox 731 553 803 598; x_wconf 86' lang='lat' dir='ltr'><strong>narn</strong></span> <span class='ocrx_word' id='word_1_6' title='bbox 816 531 855 600; x_wconf 93' lang='lat' dir='ltr'><strong>de</strong></span> <span class='ocrx_word' id='word_1_7' title='bbox 869 531 1000 614; x_wconf 87' lang='lat' dir='ltr'><strong>Biante,</strong></span> <span class='ocrx_word' id='word_1_8' title='bbox 1025 557 1088 599; x_wconf 92' lang='lat' dir='ltr'><strong>non</strong></span> <span class='ocrx_word' id='word_1_9' title='bbox 1109 533 1148 600; x_wconf 91' lang='lat' dir='ltr'><strong>de</strong></span> <span class='ocrx_word' id='word_1_10' title='bbox 1169 533 1309 613; x_wconf 76' lang='lat' dir='ltr'>Pittaco,</span> <span class='ocrx_word' id='word_1_11' title='bbox 1335 559 1401 600; x_wconf 85' lang='lat' dir='ltr'><strong>ser-</strong></span> 
     </span>
     <span class='ocr_line' id='line_1_3' title="bbox 211 653 1401 746; baseline -0.002 -22"><span class='ocrx_word' id='word_1_12' title='bbox 211 678 339 724; x_wconf 85' lang='lat' dir='ltr'>monem</span> <span class='ocrx_word' id='word_1_13' title='bbox 370 679 435 722; x_wconf 88' lang='lat' dir='ltr'><strong>esse</strong></span> <span class='ocrx_word' id='word_1_14' title='bbox 466 680 484 722; x_wconf 92' lang='lat' dir='ltr'><strong>e</strong></span> <span class='ocrx_word' id='word_1_15' title='bbox 519 655 706 746; x_wconf 74' lang='lat' dir='ltr'><strong>praegressis</strong></span> <span class='ocrx_word' id='word_1_16' title='bbox 739 655 812 720; x_wconf 87' lang='lat' dir='ltr'><strong>satis</strong></span> <span class='ocrx_word' id='word_1_17' title='bbox 842 655 954 744; x_wconf 92' lang='lat' dir='ltr'><strong>liquet.</strong></span> <span class='ocrx_word' id='word_1_18' title='bbox 1004 653 1116 722; x_wconf 82' lang='lat' dir='ltr'><strong>Obiter</strong></span> <span class='ocrx_word' id='word_1_19' title='bbox 1138 657 1172 721; x_wconf 94' lang='lat' dir='ltr'><strong>in</strong></span> <span class='ocrx_word' id='word_1_20' title='bbox 1195 657 1310 722; x_wconf 84' lang='lat' dir='ltr'><strong>ricinia</strong></span> <span class='ocrx_word' id='word_1_21' title='bbox 1342 681 1401 746; x_wconf 92' lang='lat' dir='ltr'><strong>pro</strong></span> 
     </span>
     <span class='ocr_line' id='line_1_4' title="bbox 211 776 1403 870; baseline -0.001 -26"><span class='ocrx_word' id='word_1_22' title='bbox 211 778 361 856; x_wconf 78' lang='grc' dir='ltr'><em>εὔξασθαι</em></span> <span class='ocrx_word' id='word_1_23' title='bbox 385 778 506 867; x_wconf 79' lang='lat' dir='ltr'><strong>corrige</strong></span> <span class='ocrx_word' id='word_1_24' title='bbox 528 776 692 856; x_wconf 76' lang='grc' dir='ltr'><em>εὔξεσθαι,</em></span> <span class='ocrx_word' id='word_1_25' title='bbox 718 790 750 842; x_wconf 93' lang='lat' dir='ltr'><strong>et</strong></span> <span class='ocrx_word' id='word_1_26' title='bbox 773 778 806 842; x_wconf 94' lang='lat' dir='ltr'><strong>in</strong></span> <span class='ocrx_word' id='word_1_27' title='bbox 830 777 868 842; x_wconf 85' lang='lat' dir='ltr'><strong>fr.</strong></span> <span class='ocrx_word' id='word_1_28' title='bbox 892 781 935 842; x_wconf 87' lang='lat'><strong>26</strong></span> <span class='ocrx_word' id='word_1_29' title='bbox 955 799 1000 842; x_wconf 85' lang='lat' dir='ltr'><strong>rs.</strong></span> <span class='ocrx_word' id='word_1_30' title='bbox 1025 781 1067 842; x_wconf 88' lang='lat'><strong>22</strong></span> <span class='ocrx_word' id='word_1_31' title='bbox 1081 799 1138 870; x_wconf 91' lang='lat' dir='ltr'><strong>pro</strong></span> <span class='ocrx_word' id='word_1_32' title='bbox 1150 779 1403 858; x_wconf 73' lang='grc' dir='ltr'><em>παρεγενήθη-</em></span> 
     </span>
     <span class='ocr_line' id='line_1_5' title="bbox 210 897 1401 989; baseline -0.003 -22"><span class='ocrx_word' id='word_1_33' title='bbox 210 899 403 983; x_wconf 79' lang='grc' dir='ltr'><em>Ἀνάχαρσις</em></span> <span class='ocrx_word' id='word_1_34' title='bbox 427 937 473 950; x_wconf 92' lang='lat'><strong>--</strong></span> <span class='ocrx_word' id='word_1_35' title='bbox 496 899 547 964; x_wconf 81' lang='grc' dir='ltr'><strong>καί</strong></span> <span class='ocrx_word' id='word_1_36' title='bbox 572 900 646 974; x_wconf 88' lang='grc' dir='ltr'><em>Βίας</em></span> <span class='ocrx_word' id='word_1_37' title='bbox 670 899 723 965; x_wconf 78' lang='grc' dir='ltr'><strong>καί</strong></span> <span class='ocrx_word' id='word_1_38' title='bbox 748 897 852 965; x_wconf 85' lang='grc' dir='ltr'><em>Σίλων</em></span> <span class='ocrx_word' id='word_1_39' title='bbox 876 900 942 964; x_wconf 74' lang='lat' dir='ltr'><strong>ccl.</strong></span> <span class='ocrx_word' id='word_1_40' title='bbox 969 899 1038 989; x_wconf 75' lang='lat' dir='ltr'><strong>lege</strong></span> <span class='ocrx_word' id='word_1_41' title='bbox 1061 901 1314 980; x_wconf 72' lang='grc' dir='ltr'><strong><em>παρεγενήθησαν</em></strong></span> <span class='ocrx_word' id='word_1_42' title='bbox 1335 903 1401 966; x_wconf 81' lang='grc' dir='ltr'><em>ιιτὲ.</em></span> 
     </span>
     <span class='ocr_line' id='line_1_6' title="bbox 256 1019 1403 1110; baseline -0.003 -23"><span class='ocrx_word' id='word_1_43' title='bbox 256 1023 295 1088; x_wconf 91' lang='lat' dir='ltr'><strong>In</strong></span> <span class='ocrx_word' id='word_1_44' title='bbox 327 1021 428 1087; x_wconf 88' lang='lat' dir='ltr'><strong>ricino</strong></span> <span class='ocrx_word' id='word_1_45' title='bbox 462 1043 505 1086; x_wconf 86' lang='lat' dir='ltr'><strong>rs.</strong></span> <span class='ocrx_word' id='word_1_46' title='bbox 542 1023 585 1088; x_wconf 77' lang='lat'><strong>23</strong></span> <span class='ocrx_word' id='word_1_47' title='bbox 617 1021 677 1086; x_wconf 84' lang='lat' dir='ltr'><strong>tria</strong></span> <span class='ocrx_word' id='word_1_48' title='bbox 709 1019 863 1086; x_wconf 75' lang='lat' dir='ltr'><strong>vocabula</strong></span> <span class='ocrx_word' id='word_1_49' title='bbox 890 1042 926 1086; x_wconf 88' lang='lat' dir='ltr'><strong>er</strong></span> <span class='ocrx_word' id='word_1_50' title='bbox 950 1019 1025 1110; x_wconf 83' lang='lat' dir='ltr'><strong>fuga</strong></span> <span class='ocrx_word' id='word_1_51' title='bbox 1049 1019 1249 1086; x_wconf 87' lang='lat' dir='ltr'><strong>retrahenda.</strong></span> <span class='ocrx_word' id='word_1_52' title='bbox 1299 1019 1403 1086; x_wconf 89' lang='lat' dir='ltr'><strong>Sensu</strong></span> 
     </span>
     <span class='ocr_line' id='line_1_7' title="bbox 211 1137 1403 1220; baseline -0.003 -11"><span class='ocrx_word' id='word_1_53' title='bbox 211 1145 296 1210; x_wconf 90' lang='lat' dir='ltr'><strong>enim</strong></span> <span class='ocrx_word' id='word_1_54' title='bbox 328 1165 414 1209; x_wconf 85' lang='lat' dir='ltr'><strong>caasa</strong></span> <span class='ocrx_word' id='word_1_55' title='bbox 449 1153 523 1206; x_wconf 90' lang='lat' dir='ltr'><strong>sunt</strong></span> <span class='ocrx_word' id='word_1_56' title='bbox 557 1141 671 1207; x_wconf 85' lang='lat' dir='ltr'><strong>rerba:</strong></span> <span class='ocrx_word' id='word_1_57' title='bbox 708 1137 759 1214; x_wconf 84' lang='grc' dir='ltr'><em>οὓς</em></span> <span class='ocrx_word' id='word_1_58' title='bbox 795 1141 846 1206; x_wconf 79' lang='grc' dir='ltr'><em>ἐπί</em></span> <span class='ocrx_word' id='word_1_59' title='bbox 881 1141 941 1213; x_wconf 81' lang='grc' dir='ltr'><em>σάς</em></span> <span class='ocrx_word' id='word_1_60' title='bbox 972 1139 1124 1216; x_wconf 82' lang='grc' dir='ltr'><em>ἑστιάσεις</em></span> <span class='ocrx_word' id='word_1_61' title='bbox 1148 1143 1233 1208; x_wconf 82' lang='grc' dir='ltr'><em>κατά</em></span> <span class='ocrx_word' id='word_1_62' title='bbox 1256 1141 1403 1220; x_wconf 83' lang='grc' dir='ltr'><em>συνέδριον</em></span> 
     </span>
     <span class='ocr_line' id='line_1_8' title="bbox 210 1261 1400 1353; baseline -0.002 -23"><span class='ocrx_word' id='word_1_63' title='bbox 210 1261 298 1346; x_wconf 81' lang='grc' dir='ltr'><em>εἶχεν</em></span> <span class='ocrx_word' id='word_1_64' title='bbox 330 1265 360 1329; x_wconf 83' lang='grc' dir='ltr'><strong>ἕν</strong></span> <span class='ocrx_word' id='word_1_65' title='bbox 392 1263 529 1344; x_wconf 70' lang='grc' dir='ltr'><em>μεγίστῃ</em></span> <span class='ocrx_word' id='word_1_66' title='bbox 552 1271 639 1346; x_wconf 67' lang='grc' dir='ltr'><em>τιμῇ.</em></span> <span class='ocrx_word' id='word_1_67' title='bbox 688 1261 910 1353; x_wconf 90' lang='lat' dir='ltr'><strong>Supplendum</strong></span> <span class='ocrx_word' id='word_1_68' title='bbox 942 1261 1066 1328; x_wconf 86' lang='lat' dir='ltr'><strong>ridetur</strong></span> <span class='ocrx_word' id='word_1_69' title='bbox 1092 1276 1124 1328; x_wconf 89' lang='lat' dir='ltr'><strong>et</strong></span> <span class='ocrx_word' id='word_1_70' title='bbox 1155 1261 1400 1352; x_wconf 74' lang='lat' dir='ltr'><strong>corrigendum:</strong></span> 
     </span>
     <span class='ocr_line' id='line_1_9' title="bbox 211 1379 1401 1471; baseline -0.002 -19"><span class='ocrx_word' id='word_1_71' title='bbox 211 1381 259 1459; x_wconf 81' lang='grc' dir='ltr'><em>οὓς</em></span> <span class='ocrx_word' id='word_1_72' title='bbox 291 1385 342 1450; x_wconf 76' lang='grc' dir='ltr'><em>ἐπὶ</em></span> <span class='ocrx_word' id='word_1_73' title='bbox 373 1384 432 1458; x_wconf 86' lang='grc' dir='ltr'><em>τάς</em></span> <span class='ocrx_word' id='word_1_74' title='bbox 468 1381 621 1456; x_wconf 70' lang='grc' dir='ltr'><em>ἑστιάσεις</em></span> <span class='ocrx_word' id='word_1_75' title='bbox 656 1383 774 1471; x_wconf 79' lang='grc' dir='ltr'><em>(ἐκάλει</em></span> <span class='ocrx_word' id='word_1_76' title='bbox 804 1381 871 1471; x_wconf 81' lang='grc' dir='ltr'><strong>καί)</strong></span> <span class='ocrx_word' id='word_1_77' title='bbox 908 1383 994 1450; x_wconf 84' lang='grc' dir='ltr'><em>κατά</em></span> <span class='ocrx_word' id='word_1_78' title='bbox 1027 1383 1089 1470; x_wconf 78' lang='grc' dir='ltr'><strong>(τὸ)</strong></span> <span class='ocrx_word' id='word_1_79' title='bbox 1122 1382 1267 1464; x_wconf 74' lang='grc' dir='ltr'><em>συνέδριον</em></span> <span class='ocrx_word' id='word_1_80' title='bbox 1301 1379 1401 1461; x_wconf 73' lang='grc' dir='ltr'><em>ἦγεν</em></span> 
     </span>
     <span class='ocr_line' id='line_1_10' title="bbox 212 1502 1402 1594; baseline -0.001 -24"><span class='ocrx_word' id='word_1_81' title='bbox 212 1506 289 1594; x_wconf 90' lang='lat' dir='ltr'><strong>(non</strong></span> <span class='ocrx_word' id='word_1_82' title='bbox 323 1502 422 1592; x_wconf 77' lang='grc' dir='ltr'><em>εἶχεν)</em></span> <span class='ocrx_word' id='word_1_83' title='bbox 460 1507 490 1570; x_wconf 81' lang='grc' dir='ltr'><strong>ἐν</strong></span> <span class='ocrx_word' id='word_1_84' title='bbox 521 1505 658 1588; x_wconf 70' lang='grc' dir='ltr'><em>μεγίστῃ</em></span> <span class='ocrx_word' id='word_1_85' title='bbox 688 1515 775 1589; x_wconf 69' lang='grc' dir='ltr'><em>τιμῇ.</em></span> <span class='ocrx_word' id='word_1_86' title='bbox 824 1503 975 1571; x_wconf 82' lang='lat' dir='ltr'><strong>Conferus</strong></span> <span class='ocrx_word' id='word_1_87' title='bbox 1006 1505 1045 1569; x_wconf 81' lang='lat' dir='ltr'><strong>fr.</strong></span> <span class='ocrx_word' id='word_1_88' title='bbox 1079 1505 1123 1571; x_wconf 76' lang='lat' dir='ltr'><strong>Lr</strong></span> <span class='ocrx_word' id='word_1_89' title='bbox 1149 1509 1309 1585; x_wconf 82' lang='grc' dir='ltr'><em>Κῦρος-</em></span> <span class='ocrx_word' id='word_1_90' title='bbox 1331 1509 1402 1584; x_wconf 72' lang='grc' dir='ltr'><em>μεθ’</em></span> 
     </span>
     <span class='ocr_line' id='line_1_11' title="bbox 212 1625 1403 1710; baseline -0.002 -16"><span class='ocrx_word' id='word_1_91' title='bbox 212 1630 321 1694; x_wconf 78' lang='grc' dir='ltr'><em>ἑαυτοῦ</em></span> <span class='ocrx_word' id='word_1_92' title='bbox 346 1635 497 1710; x_wconf 73' lang='grc' dir='ltr'><em>περιῆγε</em></span> <span class='ocrx_word' id='word_1_93' title='bbox 528 1627 580 1692; x_wconf 83' lang='grc' dir='ltr'><strong>τδν</strong></span> <span class='ocrx_word' id='word_1_94' title='bbox 601 1633 722 1707; x_wconf 84' lang='grc' dir='ltr'><em>Κροῖσον</em></span> <span class='ocrx_word' id='word_1_95' title='bbox 741 1625 880 1706; x_wconf 83' lang='grc' dir='ltr'><em>ἐντίμως·</em></span> <span class='ocrx_word' id='word_1_96' title='bbox 916 1625 1069 1704; x_wconf 77' lang='grc' dir='ltr'><em>μετέδωκε</em></span> <span class='ocrx_word' id='word_1_97' title='bbox 1103 1625 1129 1690; x_wconf 88' lang='grc' dir='ltr'><strong>δ’</strong></span> <span class='ocrx_word' id='word_1_98' title='bbox 1160 1626 1321 1707; x_wconf 74' lang='grc' dir='ltr'><em>αὐτῷκαὶ</em></span> <span class='ocrx_word' id='word_1_99' title='bbox 1347 1633 1403 1692; x_wconf 84' lang='grc' dir='ltr'><strong>τοῦ</strong></span> 
     </span>
     <span class='ocr_line' id='line_1_12' title="bbox 211 1747 1399 1838; baseline -0.002 -24"><span class='ocrx_word' id='word_1_100' title='bbox 211 1749 360 1830; x_wconf 74' lang='grc' dir='ltr'><em>συνεδρίου</em></span> <span class='ocrx_word' id='word_1_101' title='bbox 381 1750 466 1828; x_wconf 84' lang='grc' dir='ltr'><strong><em>κτὲ.,</em></strong></span> <span class='ocrx_word' id='word_1_102' title='bbox 491 1749 658 1814; x_wconf 85' lang='lat' dir='ltr'><strong>sedetiam</strong></span> <span class='ocrx_word' id='word_1_103' title='bbox 686 1747 794 1813; x_wconf 84' lang='lat' dir='ltr'><strong>utilius</strong></span> <span class='ocrx_word' id='word_1_104' title='bbox 816 1747 939 1838; x_wconf 86' lang='lat' dir='ltr'><strong>penult.</strong></span> <span class='ocrx_word' id='word_1_105' title='bbox 958 1761 1141 1838; x_wconf 80' lang='lat' dir='ltr'><strong>excerptum</strong></span> <span class='ocrx_word' id='word_1_106' title='bbox 1160 1771 1178 1813; x_wconf 89' lang='lat' dir='ltr'><strong>e</strong></span> <span class='ocrx_word' id='word_1_107' title='bbox 1195 1747 1276 1812; x_wconf 91' lang='lat' dir='ltr'><strong>libro</strong></span> <span class='ocrx_word' id='word_1_108' title='bbox 1289 1747 1399 1813; x_wconf 91' lang='lat' dir='ltr'>XXX:</span> 
     </span>
     <span class='ocr_line' id='line_1_13' title="bbox 212 1867 1401 1952; baseline -0.002 -16"><span class='ocrx_word' id='word_1_109' title='bbox 212 1871 264 1937; x_wconf 78' lang='grc' dir='ltr'><strong>καί</strong></span> <span class='ocrx_word' id='word_1_110' title='bbox 295 1870 368 1952; x_wconf 80' lang='grc' dir='ltr'><em>πρὸς</em></span> <span class='ocrx_word' id='word_1_111' title='bbox 400 1873 443 1936; x_wconf 84' lang='grc' dir='ltr'><strong>τά</strong></span> <span class='ocrx_word' id='word_1_112' title='bbox 467 1869 633 1936; x_wconf 81' lang='grc' dir='ltr'><em>σύνδειπνα</em></span> <span class='ocrx_word' id='word_1_113' title='bbox 662 1869 858 1950; x_wconf 77' lang='grc' dir='ltr'><em>παραλαβὼν</em></span> <span class='ocrx_word' id='word_1_114' title='bbox 879 1869 931 1934; x_wconf 80' lang='grc' dir='ltr'><strong>καί</strong></span> <span class='ocrx_word' id='word_1_115' title='bbox 957 1873 1010 1934; x_wconf 82' lang='grc' dir='ltr'><strong>τοῦ</strong></span> <span class='ocrx_word' id='word_1_116' title='bbox 1032 1869 1180 1951; x_wconf 73' lang='grc' dir='ltr'><em>συνεδρίου</em></span> <span class='ocrx_word' id='word_1_117' title='bbox 1207 1867 1401 1948; x_wconf 82' lang='grc' dir='ltr'><em>μεταδιδούς.</em></span> 
     </span>
     <span class='ocr_line' id='line_1_14' title="bbox 215 1989 1403 2080; baseline -0.003 -23"><span class='ocrx_word' id='word_1_118' title='bbox 215 1991 264 2080; x_wconf 91' lang='lat' dir='ltr'><strong>(L.</strong></span> <span class='ocrx_word' id='word_1_119' title='bbox 301 1990 563 2073; x_wconf 71' lang='grc' dir='ltr'><em>παραλαμβάνων</em></span> <span class='ocrx_word' id='word_1_120' title='bbox 597 1989 677 2078; x_wconf 83' lang='grc' dir='ltr'>κτὲ.)</span> <span class='ocrx_word' id='word_1_121' title='bbox 708 2029 754 2039; x_wconf 94' lang='grc'>-</span> <span class='ocrx_word' id='word_1_122' title='bbox 779 1993 894 2067; x_wconf 67' lang='lat' dir='ltr'><strong>”Areo</strong></span> <span class='ocrx_word' id='word_1_123' title='bbox 926 1991 997 2056; x_wconf 80' lang='grc' dir='ltr'><em>τινά</em></span> <span class='ocrx_word' id='word_1_124' title='bbox 1028 1991 1057 2054; x_wconf 78' lang='grc' dir='ltr'><strong>ἕν</strong></span> <span class='ocrx_word' id='word_1_125' title='bbox 1081 2000 1157 2074; x_wconf 72' lang='grc' dir='ltr'><em>τιμῇ</em></span> <span class='ocrx_word' id='word_1_126' title='bbox 1181 1990 1230 2056; x_wconf 83' lang='lat' dir='ltr'><strong>rel</strong></span> <span class='ocrx_word' id='word_1_127' title='bbox 1254 1989 1403 2070; x_wconf 80' lang='grc' dir='ltr'><em>ἐντίμως,</em></span> 
     </span>
     <span class='ocr_line' id='line_1_15' title="bbox 215 2109 1402 2200; baseline -0.001 -22"><span class='ocrx_word' id='word_1_128' title='bbox 215 2112 303 2200; x_wconf 88' lang='lat' dir='ltr'><strong>(nam</strong></span> <span class='ocrx_word' id='word_1_129' title='bbox 335 2125 507 2200; x_wconf 89' lang='lat' dir='ltr'><strong>utrumque</strong></span> <span class='ocrx_word' id='word_1_130' title='bbox 542 2111 693 2198; x_wconf 80' lang='lat' dir='ltr'><strong>dicitur,)</strong></span> <span class='ocrx_word' id='word_1_131' title='bbox 727 2112 870 2178; x_wconf 91' lang='lat' dir='ltr'><strong>omnium</strong></span> <span class='ocrx_word' id='word_1_132' title='bbox 906 2135 965 2178; x_wconf 87' lang='lat' dir='ltr'><strong>usu</strong></span> <span class='ocrx_word' id='word_1_133' title='bbox 999 2113 1109 2177; x_wconf 89' lang='lat' dir='ltr'><strong>tritum</strong></span> <span class='ocrx_word' id='word_1_134' title='bbox 1147 2125 1206 2192; x_wconf 83' lang='lat' dir='ltr'><strong>est;</strong></span> <span class='ocrx_word' id='word_1_135' title='bbox 1241 2109 1402 2192; x_wconf 81' lang='grc' dir='ltr'><em>περιάγειν</em></span> 
     </span>
     <span class='ocr_line' id='line_1_16' title="bbox 212 2232 1403 2322; baseline -0.002 -24"><span class='ocrx_word' id='word_1_136' title='bbox 212 2235 280 2312; x_wconf 77' lang='grc' dir='ltr'><em>μεθ’</em></span> <span class='ocrx_word' id='word_1_137' title='bbox 311 2234 421 2298; x_wconf 79' lang='grc' dir='ltr'><em>ἑαυτοῦ</em></span> <span class='ocrx_word' id='word_1_138' title='bbox 451 2255 522 2297; x_wconf 89' lang='grc' dir='ltr'><em>τινα</em></span> <span class='ocrx_word' id='word_1_139' title='bbox 553 2233 681 2311; x_wconf 77' lang='grc' dir='ltr'><em>ἐντίμως</em></span> <span class='ocrx_word' id='word_1_140' title='bbox 705 2232 865 2297; x_wconf 73' lang='grc' dir='ltr'><em>πεποίησαι</em></span> <span class='ocrx_word' id='word_1_141' title='bbox 889 2245 1026 2298; x_wconf 79' lang='lat' dir='ltr'><strong>veterem</strong></span> <span class='ocrx_word' id='word_1_142' title='bbox 1051 2246 1082 2299; x_wconf 89' lang='lat' dir='ltr'><strong>et</strong></span> <span class='ocrx_word' id='word_1_143' title='bbox 1105 2233 1274 2322; x_wconf 85' lang='lat' dir='ltr'><strong>probatum</strong></span> <span class='ocrx_word' id='word_1_144' title='bbox 1301 2233 1403 2322; x_wconf 89' lang='lat' dir='ltr'><strong>scrip-</strong></span> 
     </span>
     <span class='ocr_line' id='line_1_17' title="bbox 212 2349 1404 2434; baseline 0.001 -17"><span class='ocrx_word' id='word_1_145' title='bbox 212 2365 313 2418; x_wconf 89' lang='lat' dir='ltr'><strong>torem</strong></span> <span class='ocrx_word' id='word_1_146' title='bbox 349 2351 460 2417; x_wconf 86' lang='lat' dir='ltr'><strong>dixisse</strong></span> <span class='ocrx_word' id='word_1_147' title='bbox 496 2351 640 2418; x_wconf 86' lang='lat' dir='ltr'><strong>arbitror.</strong></span> <span class='ocrx_word' id='word_1_148' title='bbox 691 2349 808 2418; x_wconf 81' lang='lat' dir='ltr'><strong>Contra</strong></span> <span class='ocrx_word' id='word_1_149' title='bbox 843 2355 1015 2420; x_wconf 85' lang='lat' dir='ltr'><strong>rectissime</strong></span> <span class='ocrx_word' id='word_1_150' title='bbox 1050 2353 1167 2420; x_wconf 87' lang='lat' dir='ltr'><strong>dicitur</strong></span> <span class='ocrx_word' id='word_1_151' title='bbox 1195 2351 1404 2434; x_wconf 84' lang='grc' dir='ltr'><em>περιάγεσίαί</em></span> 
     </span>
     <span class='ocr_line' id='line_1_18' title="bbox 211 2473 1401 2564; baseline 0.002 -25"><span class='ocrx_word' id='word_1_152' title='bbox 211 2497 300 2549; x_wconf 91' lang='grc' dir='ltr'><em>τινα,</em></span> <span class='ocrx_word' id='word_1_153' title='bbox 336 2494 448 2537; x_wconf 84' lang='lat' dir='ltr'><strong>secum</strong></span> <span class='ocrx_word' id='word_1_154' title='bbox 483 2473 635 2560; x_wconf 80' lang='lat' dir='ltr'><strong>aliquem</strong></span> <span class='ocrx_word' id='word_1_155' title='bbox 667 2473 943 2553; x_wconf 78' lang='lat' dir='ltr'><strong>circumducere,</strong></span> <span class='ocrx_word' id='word_1_156' title='bbox 980 2487 1015 2540; x_wconf 95' lang='lat' dir='ltr'><strong>ut</strong></span> <span class='ocrx_word' id='word_1_157' title='bbox 1046 2473 1180 2563; x_wconf 74' lang='lat' dir='ltr'><strong>legimus</strong></span> <span class='ocrx_word' id='word_1_158' title='bbox 1215 2497 1244 2538; x_wconf 85' lang='lat' dir='ltr'><strong>r.</strong></span> <span class='ocrx_word' id='word_1_159' title='bbox 1282 2497 1310 2540; x_wconf 90' lang='lat' dir='ltr'><strong>c.</strong></span> <span class='ocrx_word' id='word_1_160' title='bbox 1346 2497 1401 2564; x_wconf 89' lang='lat' dir='ltr'><strong>ap.</strong></span> 
     </span>
     <span class='ocr_line' id='line_1_19' title="bbox 214 2593 1402 2683; baseline 0 -23"><span class='ocrx_word' id='word_1_161' title='bbox 214 2593 360 2683; x_wconf 88' lang='lat' dir='ltr'><strong>Xenoph.</strong></span> <span class='ocrx_word' id='word_1_162' title='bbox 391 2593 523 2660; x_wconf 85' lang='lat' dir='ltr'><strong>Memor.</strong></span> <span class='ocrx_word' id='word_1_163' title='bbox 559 2593 576 2660; x_wconf 95' lang='lat' dir='ltr'>I</span> <span class='ocrx_word' id='word_1_164' title='bbox 610 2619 617 2658; x_wconf 92' lang='lat'><strong>:</strong></span> <span class='ocrx_word' id='word_1_165' title='bbox 652 2599 670 2660; x_wconf 88' lang='lat'><em>7</em></span> <span class='ocrx_word' id='word_1_166' title='bbox 702 2598 718 2681; x_wconf 85' lang='lat'>§</span> <span class='ocrx_word' id='word_1_167' title='bbox 748 2599 788 2659; x_wconf 84' lang='lat'><strong>2:</strong></span> <span class='ocrx_word' id='word_1_168' title='bbox 827 2596 919 2670; x_wconf 82' lang='grc' dir='ltr'><em>σκεύν</em></span> <span class='ocrx_word' id='word_1_169' title='bbox 955 2617 991 2662; x_wconf 83' lang='grc' dir='ltr'><strong>τε</strong></span> <span class='ocrx_word' id='word_1_170' title='bbox 1027 2594 1114 2661; x_wconf 84' lang='grc' dir='ltr'><em>καλά</em></span> <span class='ocrx_word' id='word_1_171' title='bbox 1147 2596 1311 2670; x_wconf 83' lang='grc' dir='ltr'><em>κείιτνντοιι</em></span> <span class='ocrx_word' id='word_1_172' title='bbox 1346 2597 1402 2660; x_wconf 78' lang='grc' dir='ltr'><strong>καί</strong></span> 
     </span>
     <span class='ocr_line' id='line_1_20' title="bbox 211 2693 1467 2806; baseline 0.002 -26"><span class='ocrx_word' id='word_1_173' title='bbox 211 2716 391 2789; x_wconf 83' lang='grc' dir='ltr'><em>άκολοιίίους</em></span> <span class='ocrx_word' id='word_1_174' title='bbox 416 2715 550 2787; x_wconf 83' lang='grc' dir='ltr'><em>πολλοὺς</em></span> <span class='ocrx_word' id='word_1_175' title='bbox 576 2713 860 2796; x_wconf 87' lang='grc' dir='ltr'><em>περιάγονται.</em></span> <span class='ocrx_word' id='word_1_176' title='bbox 897 2715 950 2782; x_wconf 89' lang='lat' dir='ltr'><strong>Sic</strong></span> <span class='ocrx_word' id='word_1_177' title='bbox 969 2737 1096 2804; x_wconf 90' lang='lat' dir='ltr'><strong>quoque</strong></span> <span class='ocrx_word' id='word_1_178' title='bbox 1108 2766 1117 2796; x_wconf 86' lang='lat'><strong><em>,</em></strong></span> <span class='ocrx_word' id='word_1_179' title='bbox 1139 2717 1164 2780; x_wconf 92' lang='lat' dir='ltr'><strong>si</strong></span> <span class='ocrx_word' id='word_1_180' title='bbox 1183 2739 1240 2806; x_wconf 91' lang='lat' dir='ltr'><strong>per</strong></span> <span class='ocrx_word' id='word_1_181' title='bbox 1255 2715 1403 2782; x_wconf 76' lang='lat' dir='ltr'><strong>librarios</strong></span> <span class='ocrx_word' id='word_1_182' title='bbox 1466 2693 1467 2740; x_wconf 55' lang='lat' dir='ltr'><strong>l</strong></span> 
     </span>
     <span class='ocr_line' id='line_1_21' title="bbox 211 2833 1401 2926; baseline 0 -24"><span class='ocrx_word' id='word_1_183' title='bbox 211 2835 370 2912; x_wconf 86' lang='lat' dir='ltr'><strong>licuisset,</strong></span> <span class='ocrx_word' id='word_1_184' title='bbox 402 2833 497 2900; x_wconf 89' lang='lat' dir='ltr'><strong>hodie</strong></span> <span class='ocrx_word' id='word_1_185' title='bbox 524 2833 682 2924; x_wconf 79' lang='lat' dir='ltr'><strong>legeretur</strong></span> <span class='ocrx_word' id='word_1_186' title='bbox 705 2835 845 2901; x_wconf 91' lang='lat' dir='ltr'><strong>eiusdem</strong></span> <span class='ocrx_word' id='word_1_187' title='bbox 870 2835 1087 2926; x_wconf 88' lang='lat' dir='ltr'><strong>Xenophontis</strong></span> <span class='ocrx_word' id='word_1_188' title='bbox 1111 2837 1198 2902; x_wconf 87' lang='lat' dir='ltr'><strong>loeus</strong></span> <span class='ocrx_word' id='word_1_189' title='bbox 1222 2839 1253 2900; x_wconf 90' lang='lat' dir='ltr'><strong>in</strong></span> <span class='ocrx_word' id='word_1_190' title='bbox 1279 2835 1401 2926; x_wconf 79' lang='lat' dir='ltr'><strong>Cyrop.</strong></span> 
     </span>
     <span class='ocr_line' id='line_1_22' title="bbox 213 2953 1466 3041; baseline 0.003 -21"><span class='ocrx_word' id='word_1_191' title='bbox 213 2955 264 3020; x_wconf 89' lang='lat' dir='ltr'><strong>II:</strong></span> <span class='ocrx_word' id='word_1_192' title='bbox 301 2958 318 3041; x_wconf 85' lang='lat'>§</span> <span class='ocrx_word' id='word_1_193' title='bbox 352 2959 434 3022; x_wconf 83' lang='lat'>282:</span> <span class='ocrx_word' id='word_1_194' title='bbox 461 2953 537 3020; x_wconf 86' lang='grc' dir='ltr'><em>άλλ’</em></span> <span class='ocrx_word' id='word_1_195' title='bbox 562 2953 580 3032; x_wconf 78' lang='grc' dir='ltr'><strong><em>ἦ</em></strong></span> <span class='ocrx_word' id='word_1_196' title='bbox 603 2994 648 3005; x_wconf 85' lang='lat'>-</span> <span class='ocrx_word' id='word_1_197' title='bbox 670 2955 854 3038; x_wconf 79' lang='grc' dir='ltr'><em>περιάγεις</em></span> <span class='ocrx_word' id='word_1_198' title='bbox 880 2961 968 3022; x_wconf 82' lang='grc' dir='ltr'><em>τοῦτο</em></span> <span class='ocrx_word' id='word_1_199' title='bbox 994 2957 1029 3022; x_wconf 78' lang='grc' dir='ltr'><strong>τὸ</strong></span> <span class='ocrx_word' id='word_1_200' title='bbox 1058 2957 1212 3038; x_wconf 87' lang='grc' dir='ltr'><em>μειράκιον</em></span> <span class='ocrx_word' id='word_1_201' title='bbox 1239 2963 1274 3023; x_wconf 81' lang='grc' dir='ltr'><strong>τὸ</strong></span> <span class='ocrx_word' id='word_1_202' title='bbox 1298 2982 1403 3040; x_wconf 87' lang='grc' dir='ltr'><em>παροι-</em></span> <span class='ocrx_word' id='word_1_203' title='bbox 1465 2987 1466 3003; x_wconf 57' lang='lat'>¹</span> 
     </span>
     <span class='ocr_line' id='line_1_23' title="bbox 213 3077 1405 3167; baseline 0.003 -27"><span class='ocrx_word' id='word_1_204' title='bbox 213 3077 437 3154; x_wconf 84' lang='grc' dir='ltr'><em>κατακείμενον</em></span> <span class='ocrx_word' id='word_1_205' title='bbox 459 3100 525 3155; x_wconf 88' lang='grc' dir='ltr'><em>σοι,</em></span> <span class='ocrx_word' id='word_1_206' title='bbox 551 3077 606 3142; x_wconf 90' lang='lat' dir='ltr'><strong>ubi</strong></span> <span class='ocrx_word' id='word_1_207' title='bbox 630 3077 846 3167; x_wconf 90' lang='lat' dir='ltr'><strong>reponendum</strong></span> <span class='ocrx_word' id='word_1_208' title='bbox 870 3091 916 3144; x_wconf 88' lang='lat' dir='ltr'><strong>est</strong></span> <span class='ocrx_word' id='word_1_209' title='bbox 939 3077 1096 3159; x_wconf 87' lang='grc' dir='ltr'><em>περιάγει</em></span> <span class='ocrx_word' id='word_1_210' title='bbox 1121 3081 1184 3146; x_wconf 81' lang='grc' dir='ltr'><strong>κτὲ.</strong></span> <span class='ocrx_word' id='word_1_211' title='bbox 1218 3077 1405 3144; x_wconf 86' lang='lat' dir='ltr'><strong>Videndum</strong></span> 
     </span>
     <span class='ocr_line' id='line_1_24' title="bbox 213 3195 1465 3288; baseline 0.003 -27"><span class='ocrx_word' id='word_1_212' title='bbox 213 3198 329 3287; x_wconf 80' lang='lat' dir='ltr'><strong>igitur,</strong></span> <span class='ocrx_word' id='word_1_213' title='bbox 354 3221 394 3261; x_wconf 88' lang='lat' dir='ltr'><strong>an</strong></span> <span class='ocrx_word' id='word_1_214' title='bbox 419 3195 574 3263; x_wconf 86' lang='lat' dir='ltr'><strong>Iliodorus</strong></span> <span class='ocrx_word' id='word_1_215' title='bbox 598 3221 726 3288; x_wconf 91' lang='lat' dir='ltr'><strong>quoque</strong></span> <span class='ocrx_word' id='word_1_216' title='bbox 750 3199 907 3288; x_wconf 85' lang='lat' dir='ltr'><strong>scripserit</strong></span> <span class='ocrx_word' id='word_1_217' title='bbox 931 3200 1108 3282; x_wconf 70' lang='grc' dir='ltr'><em>περιήγετο</em></span> <span class='ocrx_word' id='word_1_218' title='bbox 1132 3201 1198 3266; x_wconf 74' lang='grc' dir='ltr'><em>ατί.</em></span> <span class='ocrx_word' id='word_1_219' title='bbox 1225 3201 1264 3266; x_wconf 86' lang='grc' dir='ltr'><strong>Ιιι</strong></span> <span class='ocrx_word' id='word_1_220' title='bbox 1287 3201 1408 3269; x_wconf 84' lang='lat' dir='ltr'><strong>eodem</strong></span> <span class='ocrx_word' id='word_1_221' title='bbox 1464 3251 1465 3265; x_wconf 71' lang='lat'><strong>.</strong></span> 
     </span>
     <span class='ocr_line' id='line_1_25' title="bbox 212 3317 1407 3411; baseline 0.004 -27"><span class='ocrx_word' id='word_1_222' title='bbox 212 3319 390 3409; x_wconf 77' lang='lat' dir='ltr'><strong>fragmento</strong></span> <span class='ocrx_word' id='word_1_223' title='bbox 413 3317 551 3384; x_wconf 84' lang='lat' dir='ltr'>XXXVI</span> <span class='ocrx_word' id='word_1_224' title='bbox 566 3319 658 3408; x_wconf 88' lang='lat' dir='ltr'><strong>plura</strong></span> <span class='ocrx_word' id='word_1_225' title='bbox 678 3331 796 3385; x_wconf 84' lang='lat' dir='ltr'><strong>restant</strong></span> <span class='ocrx_word' id='word_1_226' title='bbox 813 3319 1017 3408; x_wconf 80' lang='lat' dir='ltr'><strong>corrigenda,</strong></span> <span class='ocrx_word' id='word_1_227' title='bbox 1043 3342 1124 3408; x_wconf 87' lang='lat' dir='ltr'><strong>quae</strong></span> <span class='ocrx_word' id='word_1_228' title='bbox 1147 3322 1255 3410; x_wconf 84' lang='lat' dir='ltr'><strong>paucis</strong></span> <span class='ocrx_word' id='word_1_229' title='bbox 1279 3324 1407 3411; x_wconf 78' lang='lat' dir='ltr'><strong>signifi·</strong></span> 
     </span>
     <span class='ocr_line' id='line_1_26' title="bbox 213 3439 1464 3532; baseline 0.003 -27"><span class='ocrx_word' id='word_1_230' title='bbox 213 3439 306 3522; x_wconf 87' lang='lat' dir='ltr'><strong>cabo;</strong></span> <span class='ocrx_word' id='word_1_231' title='bbox 322 3465 367 3507; x_wconf 84' lang='lat' dir='ltr'><strong>rs.</strong></span> <span class='ocrx_word' id='word_1_232' title='bbox 383 3443 424 3505; x_wconf 87' lang='lat'><strong>25</strong></span> <span class='ocrx_word' id='word_1_233' title='bbox 438 3453 595 3530; x_wconf 81' lang='lat' dir='ltr'><strong>expuncto</strong></span> <span class='ocrx_word' id='word_1_234' title='bbox 607 3441 793 3530; x_wconf 88' lang='lat' dir='ltr'><strong>pronomine</strong></span> <span class='ocrx_word' id='word_1_235' title='bbox 805 3439 987 3529; x_wconf 81' lang='lat' dir='ltr'><strong>legendum:</strong></span> <span class='ocrx_word' id='word_1_236' title='bbox 1003 3441 1037 3505; x_wconf 77' lang='grc' dir='ltr'><strong>τὸ</strong></span> <span class='ocrx_word' id='word_1_237' title='bbox 1050 3441 1180 3519; x_wconf 74' lang='grc' dir='ltr'><em>μέγεθος</em></span> <span class='ocrx_word' id='word_1_238' title='bbox 1193 3449 1247 3516; x_wconf 75' lang='grc' dir='ltr'><em>τῆς</em></span> <span class='ocrx_word' id='word_1_239' title='bbox 1262 3441 1402 3532; x_wconf 81' lang='grc' dir='ltr'><em>[τούτου]</em></span> <span class='ocrx_word' id='word_1_240' title='bbox 1463 3511 1464 3527; x_wconf 24' lang='grc' dir='ltr'><em>ρ</em></span> 
     </span>
     <span class='ocr_line' id='line_1_27' title="bbox 212 3561 1407 3651; baseline 0.003 -24"><span class='ocrx_word' id='word_1_241' title='bbox 212 3562 415 3637; x_wconf 85' lang='grc' dir='ltr'><em>δυναστείας;</em></span> <span class='ocrx_word' id='word_1_242' title='bbox 437 3585 481 3627; x_wconf 82' lang='lat' dir='ltr'><strong>rs.</strong></span> <span class='ocrx_word' id='word_1_243' title='bbox 505 3565 547 3626; x_wconf 87' lang='grc'><strong>29</strong></span> <span class='ocrx_word' id='word_1_244' title='bbox 569 3561 642 3627; x_wconf 76' lang='grc' dir='ltr'><em>ὄντα</em></span> <span class='ocrx_word' id='word_1_245' title='bbox 659 3561 737 3651; x_wconf 81' lang='grc' dir='ltr'><em>(τὸν)</em></span> <span class='ocrx_word' id='word_1_246' title='bbox 758 3561 1002 3642; x_wconf 76' lang='grc' dir='ltr'><em>πρεσβύτατον</em></span> <span class='ocrx_word' id='word_1_247' title='bbox 1022 3573 1054 3628; x_wconf 84' lang='lat' dir='ltr'><strong>ct</strong></span> <span class='ocrx_word' id='word_1_248' title='bbox 1073 3585 1117 3626; x_wconf 85' lang='lat' dir='ltr'><strong>rs.</strong></span> <span class='ocrx_word' id='word_1_249' title='bbox 1143 3565 1185 3628; x_wconf 83' lang='grc'><strong>33</strong></span> <span class='ocrx_word' id='word_1_250' title='bbox 1207 3565 1407 3643; x_wconf 71' lang='grc' dir='ltr'><em>ποιήσεσθαι,</em></span> 
     </span>
     <span class='ocr_line' id='line_1_28' title="bbox 213 3681 1410 3773; baseline 0.005 -27"><span class='ocrx_word' id='word_1_251' title='bbox 213 3694 249 3746; x_wconf 92' lang='lat' dir='ltr'><strong>ut</strong></span> <span class='ocrx_word' id='word_1_252' title='bbox 266 3705 337 3748; x_wconf 86' lang='lat' dir='ltr'><strong>rere</strong></span> <span class='ocrx_word' id='word_1_253' title='bbox 359 3683 430 3772; x_wconf 89' lang='lat' dir='ltr'><strong>(pro</strong></span> <span class='ocrx_word' id='word_1_254' title='bbox 453 3681 651 3771; x_wconf 81' lang='grc' dir='ltr'><em>ποιιίσασίαι)</em></span> <span class='ocrx_word' id='word_1_255' title='bbox 676 3683 740 3747; x_wconf 88' lang='lat' dir='ltr'><strong>iam</strong></span> <span class='ocrx_word' id='word_1_256' title='bbox 764 3681 896 3747; x_wconf 85' lang='lat' dir='ltr'><strong>currerit</strong></span> <span class='ocrx_word' id='word_1_257' title='bbox 920 3681 1033 3747; x_wconf 86' lang='lat' dir='ltr'><strong>Maius.</strong></span> <span class='ocrx_word' id='word_1_258' title='bbox 1065 3681 1204 3750; x_wconf 86' lang='lat' dir='ltr'><strong>Pueriles</strong></span> <span class='ocrx_word' id='word_1_259' title='bbox 1228 3707 1358 3773; x_wconf 84' lang='lat' dir='ltr'><strong>quoqne</strong></span> <span class='ocrx_word' id='word_1_260' title='bbox 1372 3687 1410 3752; x_wconf 93' lang='lat' dir='ltr'><strong>in</strong></span> 
     </span>
     <span class='ocr_line' id='line_1_29' title="bbox 213 3775 1463 3894; baseline 0.006 -29"><span class='ocrx_word' id='word_1_261' title='bbox 213 3801 253 3868; x_wconf 87' lang='lat' dir='ltr'><strong>lr.</strong></span> <span class='ocrx_word' id='word_1_262' title='bbox 281 3801 435 3868; x_wconf 82' lang='lat' dir='ltr'>XXXVII</span> <span class='ocrx_word' id='word_1_263' title='bbox 468 3805 585 3894; x_wconf 79' lang='lat' dir='ltr'><strong>castiga</strong></span> <span class='ocrx_word' id='word_1_264' title='bbox 614 3826 733 3870; x_wconf 86' lang='lat' dir='ltr'><strong>errores</strong></span> <span class='ocrx_word' id='word_1_265' title='bbox 760 3801 981 3869; x_wconf 86' lang='lat' dir='ltr'><strong>rescribendo:</strong></span> <span class='ocrx_word' id='word_1_266' title='bbox 1012 3803 1072 3868; x_wconf 83' lang='grc' dir='ltr'><em>νυνί</em></span> <span class='ocrx_word' id='word_1_267' title='bbox 1105 3803 1136 3868; x_wconf 81' lang='grc' dir='ltr'><strong>δὲ</strong></span> <span class='ocrx_word' id='word_1_268' title='bbox 1167 3805 1210 3869; x_wconf 86' lang='grc' dir='ltr'><strong>τά</strong></span> <span class='ocrx_word' id='word_1_269' title='bbox 1241 3804 1329 3886; x_wconf 89' lang='grc' dir='ltr'><em>παρά</em></span> <span class='ocrx_word' id='word_1_270' title='bbox 1352 3831 1411 3873; x_wconf 89' lang='grc' dir='ltr'><strong>σοι</strong></span> <span class='ocrx_word' id='word_1_271' title='bbox 1462 3775 1463 3789; x_wconf 76' lang='lat'><strong>.</strong></span> 
     </span>
     <span class='ocr_line' id='line_1_30' title="bbox 213 3903 1462 4004; baseline 0.001 -18"><span class='ocrx_word' id='word_1_272' title='bbox 213 3921 295 4001; x_wconf 86' lang='grc' dir='ltr'><em>μάνα</em></span> <span class='ocrx_word' id='word_1_273' title='bbox 318 3921 451 4004; x_wconf 77' lang='grc' dir='ltr'><em>ἑόρακεν.</em></span> <span class='ocrx_word' id='word_1_274' title='bbox 1461 3903 1462 3908; x_wconf 17' lang='lat'>¹</span> 
     </span>
    </p>
   </div>
   <div class='ocr_carea' id='block_1_3' title="bbox 260 4007 1462 4134">
    <p class='ocr_par' dir='ltr' id='par_1_3' title="bbox 260 4007 1462 4134">
     <span class='ocr_line' id='line_1_31' title="bbox 260 4007 1462 4134; baseline 0.007 -27"><span class='ocrx_word' id='word_1_275' title='bbox 260 4041 481 4109; x_wconf 83' lang='lat' dir='ltr'><strong>Resecandum</strong></span> <span class='ocrx_word' id='word_1_276' title='bbox 520 4057 567 4109; x_wconf 90' lang='lat' dir='ltr'><strong>est</strong></span> <span class='ocrx_word' id='word_1_277' title='bbox 596 4046 914 4134; x_wconf 89' lang='lat' dir='ltr'><strong>interpretamentum</strong></span> <span class='ocrx_word' id='word_1_278' title='bbox 942 4043 1032 4110; x_wconf 91' lang='lat' dir='ltr'><strong>initio</strong></span> <span class='ocrx_word' id='word_1_279' title='bbox 1064 4045 1176 4134; x_wconf 71' lang='lat' dir='ltr'><strong>fragm.</strong></span> <span class='ocrx_word' id='word_1_280' title='bbox 1210 4045 1410 4116; x_wconf 87' lang='lat' dir='ltr'>XXXVIII:</span> <span class='ocrx_word' id='word_1_281' title='bbox 1461 4007 1462 4051; x_wconf 77' lang='lat' dir='ltr'><strong>t</strong></span> 
     </span>
    </p>
   </div>
   <div class='ocr_carea' id='block_1_4' title="bbox 210 4159 1461 4622">
    <p class='ocr_par' dir='ltr' id='par_1_4' title="bbox 210 4159 1461 4622">
     <span class='ocr_line' id='line_1_32' title="bbox 214 4159 1461 4260; baseline 0.006 -31"><span class='ocrx_word' id='word_1_282' title='bbox 214 4159 259 4229; x_wconf 82' lang='grc' dir='ltr'><strong>ίσι</strong></span> <span class='ocrx_word' id='word_1_283' title='bbox 290 4161 432 4236; x_wconf 78' lang='grc' dir='ltr'><em>Αἴσωπος</em></span> <span class='ocrx_word' id='word_1_284' title='bbox 467 4165 564 4253; x_wconf 84' lang='grc' dir='ltr'><em>[κατά</em></span> <span class='ocrx_word' id='word_1_285' title='bbox 595 4167 665 4237; x_wconf 84' lang='grc' dir='ltr'><em>τοὺς</em></span> <span class='ocrx_word' id='word_1_286' title='bbox 696 4165 808 4238; x_wconf 77' lang='grc' dir='ltr'><em>αὐτοὺς</em></span> <span class='ocrx_word' id='word_1_287' title='bbox 839 4165 979 4252; x_wconf 79' lang='grc' dir='ltr'><em>χρόνους]</em></span> <span class='ocrx_word' id='word_1_288' title='bbox 1018 4165 1196 4246; x_wconf 73' lang='grc' dir='ltr'><em>συνήκμαζε</em></span> <span class='ocrx_word' id='word_1_289' title='bbox 1231 4176 1294 4240; x_wconf 80' lang='grc' dir='ltr'><em>τοῖς</em></span> <span class='ocrx_word' id='word_1_290' title='bbox 1318 4169 1414 4237; x_wconf 80' lang='grc' dir='ltr'><em>ἑπτά</em></span> <span class='ocrx_word' id='word_1_291' title='bbox 1460 4165 1461 4260; x_wconf 71' lang='lat' dir='ltr'><strong>l</strong></span> 
     </span>
     <span class='ocr_line' id='line_1_33' title="bbox 216 4273 1461 4376; baseline 0.006 -27"><span class='ocrx_word' id='word_1_292' title='bbox 216 4289 342 4368; x_wconf 75' lang='grc' dir='ltr'><em>σοφοῖς,</em></span> <span class='ocrx_word' id='word_1_293' title='bbox 370 4287 430 4351; x_wconf 89' lang='lat' dir='ltr'><strong>nisi</strong></span> <span class='ocrx_word' id='word_1_294' title='bbox 453 4287 557 4376; x_wconf 90' lang='lat' dir='ltr'><strong>potius</strong></span> <span class='ocrx_word' id='word_1_295' title='bbox 580 4309 688 4376; x_wconf 87' lang='lat' dir='ltr'><strong>praep.</strong></span> <span class='ocrx_word' id='word_1_296' title='bbox 715 4285 770 4350; x_wconf 86' lang='grc' dir='ltr'><strong>σὺν</strong></span> <span class='ocrx_word' id='word_1_297' title='bbox 793 4287 826 4350; x_wconf 93' lang='lat' dir='ltr'><strong>in</strong></span> <span class='ocrx_word' id='word_1_298' title='bbox 850 4283 1080 4366; x_wconf 81' lang='grc' dir='ltr'><em>συνακμάζειν</em></span> <span class='ocrx_word' id='word_1_299' title='bbox 1103 4287 1178 4352; x_wconf 84' lang='lat' dir='ltr'><strong>vitio</strong></span> <span class='ocrx_word' id='word_1_300' title='bbox 1202 4301 1313 4353; x_wconf 90' lang='lat' dir='ltr'><strong>natum</strong></span> <span class='ocrx_word' id='word_1_301' title='bbox 1341 4313 1418 4358; x_wconf 88' lang='lat' dir='ltr'><strong>esse</strong></span> <span class='ocrx_word' id='word_1_302' title='bbox 1460 4273 1461 4313; x_wconf 51' lang='lat' dir='ltr'><strong>l</strong></span> 
     </span>
     <span class='ocr_line' id='line_1_34' title="bbox 217 4385 1460 4499; baseline 0.006 -28"><span class='ocrx_word' id='word_1_303' title='bbox 217 4409 368 4496; x_wconf 86' lang='lat' dir='ltr'><strong>suspicari</strong></span> <span class='ocrx_word' id='word_1_304' title='bbox 397 4407 506 4472; x_wconf 81' lang='lat' dir='ltr'><strong>maris.</strong></span> <span class='ocrx_word' id='word_1_305' title='bbox 555 4405 618 4473; x_wconf 89' lang='lat' dir='ltr'><strong>Sed</strong></span> <span class='ocrx_word' id='word_1_306' title='bbox 649 4409 738 4496; x_wconf 91' lang='lat' dir='ltr'><strong>peius</strong></span> <span class='ocrx_word' id='word_1_307' title='bbox 770 4407 865 4472; x_wconf 87' lang='lat' dir='ltr'><strong>etiam</strong></span> <span class='ocrx_word' id='word_1_308' title='bbox 888 4407 920 4471; x_wconf 93' lang='lat' dir='ltr'><strong>in</strong></span> <span class='ocrx_word' id='word_1_309' title='bbox 945 4407 1012 4496; x_wconf 93' lang='lat' dir='ltr'><strong>ipso</strong></span> <span class='ocrx_word' id='word_1_310' title='bbox 1036 4406 1099 4472; x_wconf 90' lang='lat' dir='ltr'><strong>line</strong></span> <span class='ocrx_word' id='word_1_311' title='bbox 1124 4405 1284 4474; x_wconf 88' lang='lat' dir='ltr'><strong>adduntur</strong></span> <span class='ocrx_word' id='word_1_312' title='bbox 1305 4433 1419 4499; x_wconf 85' lang='lat' dir='ltr'><strong>quae-</strong></span> <span class='ocrx_word' id='word_1_313' title='bbox 1459 4385 1460 4394; x_wconf 13' lang='grc' dir='ltr'><em>ά</em></span> 
     </span>
     <span class='ocr_line' id='line_1_35' title="bbox 210 4525 1423 4622; baseline 0.009 -33"><span class='ocrx_word' id='word_1_314' title='bbox 210 4525 309 4605; x_wconf 89' lang='lat' dir='ltr'><strong>dam,</strong></span> <span class='ocrx_word' id='word_1_315' title='bbox 347 4551 429 4617; x_wconf 87' lang='lat' dir='ltr'><strong>quoe</strong></span> <span class='ocrx_word' id='word_1_316' title='bbox 460 4527 590 4593; x_wconf 89' lang='lat' dir='ltr'><strong>omuino</strong></span> <span class='ocrx_word' id='word_1_317' title='bbox 621 4549 685 4591; x_wconf 92' lang='lat' dir='ltr'><strong>non</strong></span> <span class='ocrx_word' id='word_1_318' title='bbox 716 4525 887 4594; x_wconf 88' lang='lat' dir='ltr'><strong>cohaerent</strong></span> <span class='ocrx_word' id='word_1_319' title='bbox 917 4549 991 4592; x_wconf 89' lang='lat' dir='ltr'><strong>curn</strong></span> <span class='ocrx_word' id='word_1_320' title='bbox 1021 4527 1078 4608; x_wconf 87' lang='lat' dir='ltr'><strong>iis,</strong></span> <span class='ocrx_word' id='word_1_321' title='bbox 1112 4551 1194 4617; x_wconf 86' lang='lat' dir='ltr'><strong>qune</strong></span> <span class='ocrx_word' id='word_1_322' title='bbox 1223 4553 1423 4622; x_wconf 76' lang='lat' dir='ltr'><strong>praegressa</strong></span> 
     </span>
    </p>
   </div>
   <div class='ocr_carea' id='block_1_5' title="bbox 221 4646 1424 4740">
    <p class='ocr_par' dir='ltr' id='par_1_5' title="bbox 221 4646 1424 4740">
     <span class='ocr_line' id='line_1_36' title="bbox 221 4646 1424 4740; baseline 0.009 -32"><span class='ocrx_word' id='word_1_323' title='bbox 221 4657 313 4709; x_wconf 91' lang='lat' dir='ltr'><strong>sunt:</strong></span> <span class='ocrx_word' id='word_1_324' title='bbox 349 4648 441 4722; x_wconf 77' lang='grc' dir='ltr'><em>αὐτὸς</em></span> <span class='ocrx_word' id='word_1_325' title='bbox 473 4649 504 4712; x_wconf 79' lang='grc' dir='ltr'><strong>δὲ</strong></span> <span class='ocrx_word' id='word_1_326' title='bbox 536 4647 765 4728; x_wconf 75' lang='grc' dir='ltr'><em>πεπλασμένως</em></span> <span class='ocrx_word' id='word_1_327' title='bbox 797 4646 901 4728; x_wconf 75' lang='grc' dir='ltr'><em>ἔλεγε·</em></span> <span class='ocrx_word' id='word_1_328' title='bbox 932 4648 986 4722; x_wconf 70' lang='grc' dir='ltr'><strong>τὴν</strong></span> <span class='ocrx_word' id='word_1_329' title='bbox 1014 4648 1070 4728; x_wconf 75' lang='grc' dir='ltr'><strong>μὲν</strong></span> <span class='ocrx_word' id='word_1_330' title='bbox 1099 4649 1163 4730; x_wconf 83' lang='grc' dir='ltr'><strong>γάρ</strong></span> <span class='ocrx_word' id='word_1_331' title='bbox 1193 4651 1275 4725; x_wconf 77' lang='grc' dir='ltr'><em>νίκην</em></span> <span class='ocrx_word' id='word_1_332' title='bbox 1309 4653 1424 4740; x_wconf 71' lang='grc' dir='ltr'><em>άρετῇ</em></span> 
     </span>
    </p>
   </div>
   <div class='ocr_carea' id='block_1_6' title="bbox 0 0 1483 5002">
    <p class='ocr_par' dir='ltr' id='par_1_6' title="bbox 0 0 1483 5002">
     <span class='ocr_line' id='line_1_37' title="bbox 0 0 1483 5002; baseline 0 0"><span class='ocrx_word' id='word_1_333' title='bbox 0 0 1483 5002; x_wconf 95' lang='lat' dir='ltr'><strong> </strong></span> 
     </span>
    </p>
   </div>
   <div class='ocr_carea' id='block_1_7' title="bbox 1454 4847 1458 4963">
    <p class='ocr_par' dir='ltr' id='par_1_7' title="bbox 1454 4843 1458 4963">
     <span class='ocr_line' id='line_1_38' title="bbox 1454 4847 1458 4963; baseline 0 0"><span class='ocrx_word' id='word_1_334' title='bbox 1454 4847 1458 4963; x_wconf 82' lang='grc' dir='ltr'><em>ί</em></span> 
     </span>
    </p>
   </div>
  </div>
 </body>
</html>
