2968 5014
614 429 655 490 83

486 695 688 762 CAPUT
733 693 787 760 VI.

396 933 634 978 ANONYHORUH
658 933 873 978 FRAGHEN'I'A.

121 1381 262 1468 Apollod.
286 1385 325 1461 3,
355 1385 390 1454 1.
422 1387 457 1446 4:
479 1370 516 1471 ἦν
538 1378 565 1447 ὅ
587 1373 605 1448 ὁ
628 1372 844 1470 λαβύρινθος,
867 1371 912 1446 ὃν
925 1378 1091 1456 Δαίδαλος
1109 1402 1201 1447 κατε-

75 1486 229 1561 σκεύασε·
558 1581 564 1590 ¹

226 1606 345 1693 οἴκημα
365 1611 509 1692 καμπαῖς
530 1594 753 1679 πολυπλόκοις
772 1601 925 1670 πλανῶν
944 1593 1046 1673 ὀδόν.

74 1718 179 1806 Vulgo
201 1718 329 1784 πλανῶν
348 1711 406 1806 τήν
427 1711 559 1800 ἔξοδον,
593 1717 676 1802 quod
709 1717 746 1782 de
768 1717 946 1784 coniectura
978 1739 1043 1782 mee
1076 1721 1202 1786 mutavi.

72 1832 252 1900 Moinelrius
281 1831 398 1918 primus
425 1832 537 1919 tragici
562 1832 693 1900 alicuius
717 1831 808 1898 uerba
830 1831 925 1898 latore
947 1833 1122 1920 suspicatus
1145 1840 1202 1900 est.

118 2162 202 2228 Male
226 2161 400 2250 Wagnerus
423 2159 578 2246 Aeschylo
600 2160 747 2226 tribuisse
764 2160 888 2226 videtur
910 2161 1017 2248 fragm.
1037 2185 1084 2250 ap.
1104 2163 1202 2230 Mieh.

70 2283 182 2368 Aliost.
205 2301 233 2364 p.
259 2281 298 2342 st
323 2277 371 2344 ed.
393 2275 506 2342 Wala:

219 2381 350 2474 ’Ἀκμονν
370 2387 522 2476 μέγιστος
544 2383 584 2455 ον’
604 2392 760 2477 φοβεῖται
780 2383 857 2465 τούς
878 2379 1037 2479 ψόφους,

227 2501 281 2567 καλ
299 2502 371 2580 νοῦς
392 2499 541 2591 ἐχέφρων
560 2501 670 2567 πᾶσαν
692 2499 845 2568 ἕλκουσαν
865 2498 950 2584 βίον.

115 2613 179 2680 Vel
208 2615 235 2680 si
261 2620 386 2703 propter
417 2615 562 2681 violatam
590 2637 713 2702 pausam
748 2615 968 2679 Porsonianam
996 2637 1040 2679 vs.
1053 2605 1081 2678 '1
1107 2615 1203 2680 veteri

68 2731 193 2818 tragico
223 2729 281 2795 lroo
310 2732 418 2818 fragm.
441 2753 504 2796 non
528 2734 607 2796 esset
631 2729 886 2808 abiudioandum‚
910 2731 985 2795 satis
1008 2732 1118 2816 opinor
1139 2752 1203 2796 non

68 2867 192 2911 summo
227 2850 332 2932 poetae
365 2846 418 2910 sed
454 2845 574 2910 misello
602 2846 707 2910 nescio
740 2845 790 2910 cui
814 2849 984 2933 poestastro
1005 2844 1203 2910 tribuendum

66 2983 135 3028 esse
146 2966 311 3049 arguerent
330 2961 397 3048 ipsa
420 2961 520 3028 rerba.
544 2963 618 3040 Cur,
646 2961 737 3040 cedo,
760 2950 869 3043 ἄκμων
898 2960 1015 3026 dicitur
1033 2957 1203 3046 μέγιστοςλ

68 3099 127 3142 our
154 3074 307 3142 articulus
345 3075 476 3142 'additur
508 3077 546 3141 ad
580 3066 743 3166 ψόφουςΡ
776 3099 848 3141 num
875 3076 930 3161 (ss.
964 3077 998 3162 2)
1026 3073 1081 3141 καλ
1102 3076 1204 3160 potest

66 3189 214 3257 adhiberi
236 3213 292 3277 pro
316 3182 413 3270 οὐδὲ,
436 3193 518 3277 quod
542 3190 651 3278 procul
675 3189 771 3256 dubio
793 3191 853 3256 loei
871 3191 1025 3257 sententia
1040 3187 1202 3276 postulat?

66 3307 207 3392 denique
238 3305 314 3392 quid
337 3311 384 3371 est
404 3303 540 3371 ἕλκουσα
559 3305 640 3387 filu?
670 3305 756 3380 Quid
787 3305 895 3373 horurn
923 3329 1067 3373 veranum
1096 3309 1204 3370 auctor

64 3422 224 3500 voluerit,
254 3423 330 3486 satis
363 3426 502 3507 apparet;
534 3443 591 3486 nee
619 3423 727 3508 procul
754 3422 877 3501 absum,
914 3423 989 3507 quin
1015 3419 1203 3504 Aeschylum

63 3537 196 3604 scilieet
218 3541 357 3601 nostrum
380 3558 425 3600 vs.
451 3537 469 3600 l
494 3535 614 3601 dedisse
633 3543 746 3624 putem.

212 3641 343 3732 ’Ἀκμων
361 3646 555 3734 μεγίστους
577 3641 617 3716 ori
638 3654 792 3740 φοβεῖται
811 3644 888 3726 τούς
909 3641 1057 3740 ψόψους.

113 3763 221 3829 Lubet
240 3763 270 3828 h.
293 3762 314 3827 l.
338 3763 511 3828 adscribere
532 3786 638 3829 versus
664 3764 840 3844 nonnullos,
863 3765 928 3849 qui,
951 3785 1133 3850 quamquam
1156 3783 1203 3826 re-

64 3879 254 3945 centissima
277 3883 376 3943 aetate
400 3900 547 3965 procusos
570 3902 635 3945 esse
658 3882 751 3946 certis
767 3881 957 3968 argumentis
973 3880 1074 3944 evinci
1091 3878 1202 3966 possit,

62 3991 277 4059 nihilominus
310 4015 328 4057 a
366 3994 542 4081 Wagnero,
573 4018 678 4082 parum
711 3996 822 4061 idoneo
845 3996 954 4062 talium
978 3995 1098 4072 iudice,
1123 3995 1204 4059 inter

58 4131 294 4194 anonymorum
318 4111 508 4196 tragicorum
530 4111 678 4197 reliquias
702 4111 848 4178 collocati
872 4117 955 4177 sunt.

116 4228 154 4289 1.
168 4224 217 4289 rr.
233 4224 353 4291 XXIII
365 4217 488 4313 γαστήρ
510 4229 632 4308 παχεῖα
653 4221 769 4294 λεπτόν
789 4218 828 4292 ου’
849 4225 949 4292 τίκτει
971 4219 1072 4289 νόον.
1093 4225 1205 4290 Poetae

61 4339 179 4403 Attici
203 4339 234 4403 in
257 4341 386 4404 serrariis
410 4345 588 4404 constanter
612 4344 744 4404 utuntur
762 4340 867 4404 ¹forma
898 4344 1057 4405 eontracta
1079 4340 1161 4404 νοῦν.
