2946 5014
756 335 819 396 202

197 517 332 598 ελίμενιι
358 529 418 582 cet.
444 519 547 584 minus
572 519 663 584 facile
687 521 719 584 in
744 519 809 584 ίσον
831 521 988 608 corrumpi
1009 531 1163 609 poterant.
1213 519 1385 586 Praeterea

197 641 245 706 vir
269 661 380 704 sanum
403 659 467 704 esse
491 651 566 727 puto
589 640 778 714 ἀναστῆσαι.

243 759 324 826 lbid.
351 782 394 824 rs.
424 764 483 824 13:
515 761 554 831 ὥς
577 760 750 837 ἀναγκαῖον
772 757 847 826 εἶναι
872 761 1026 839 πολεμίων
1048 763 1104 835 τὴν
1127 766 1185 826 τῶν
1209 760 1382 838 τολεμσιίν·

198 906 257 946 πων
292 881 432 958 ἡγεῖσθαι
461 880 532 946 καί
563 881 757 964 νομίζειν.
806 879 889 948 Care
920 880 983 946 duo
1013 880 1125 946 ultima
1154 881 1306 946 vocabula
1338 880 1381 946 li-

197 1001 292 1068 brarii
312 999 561 1067 additamentum
581 1023 646 1066 esse
666 1013 770 1090 putes3
794 1023 867 1066 uam
888 1000 1068 1068 huiusmodi
1087 1001 1273 1092 tautologiae
1287 1003 1379 1091 inep-

197 1123 328 1188 tissimas
354 1119 526 1186 Graeculus
549 1132 655 1186 noster
677 1121 813 1186 studiose
837 1134 980 1187 venatur.

242 1242 318 1331 Pag.
354 1245 433 1318 17¹,
469 1245 506 1306 l:
540 1241 653 1306 οίκείαν
684 1243 716 1306 δὲ
744 1243 799 1316 τίον
834 1249 892 1308 τῶν
915 1243 1258 1325 παρακεχωρηκότων.
1306 1241 1378 1308 De·

198 1363 319 1428 diticii
349 1361 424 1428 alibi
455 1361 564 1430 audire
593 1362 694 1429 solent
724 1365 749 1428 οί
782 1363 1114 1444 προσκεχωρηκίπες,
1138 1365 1223 1454 quod
1247 1365 1378 1454 partici-

197 1485 286 1574 pium
314 1483 374 1550 hoc
405 1505 532 1572 quoque
555 1483 624 1550 loco
647 1483 858 1550 revocandum
883 1507 947 1550 esse
971 1483 1087 1550 iudico.
1136 1485 1174 1551 In
1201 1509 1270 1574 sqq.
1294 1485 1334 1550 it.
1364 1485 1379 1550 1

156 1657 158 1662 .
199 1629 242 1670 rs.
280 1607 316 1668 1:
351 1608 457 1668 retiret
486 1601 649 1682 δεξάμενος
684 1607 799 1686 ἑταῖρον
835 1607 887 1684 ἐφ’
911 1607 1008 1686 ἑαυτῷ
1032 1605 1250 1685 σονιστοίμενον
1273 1603 1379 1687 εἶχεν,

197 1725 340 1794 delentur
372 1725 554 1814 importuna
583 1727 791 1816 praepositio,
824 1739 858 1792 ut
881 1747 988 1792 sensus
1012 1727 1068 1791 sit:
1097 1729 1207 1792 lateri
1229 1749 1290 1792 eoo
1314 1705 1379 1790 ίιιι-

197 1847 293 1912 ὁοόιιί
316 1844 574 1912 adhaerentem.

242 1967 317 2057 Peg.
353 1965 433 2045 19¹²,
463 1967 502 2030 fr.
537 1965 612 2032 XIV
642 1991 684 2032 vs.
719 1973 760 2032 3:
795 1970 968 2047 μεμνῆσθαι
1000 1977 1165 2048 προσῆκεν.
1213 1969 1379 2036 Sententia

197 2088 334 2180 postulat
356 2087 487 2168 προσήιε
497 2110 517 2152 ι.
564 2086 636 2153 dior
659 2089 764 2152 minus
785 2100 870 2154 recte
890 2086 1013 2154 editur:
1040 2087 1379 2166 inimicaremini,

196 2211 227 2284 ἐς
250 2205 317 2274 ὅσον
340 2207 379 2272 ίιν
402 2207 532 2290 ἐγχωρῇ
555 2205 622 2281 αὖ,
648 2213 707 2274 τῶν
728 2208 816 2274 κατὰ
834 2209 905 2282 τοὺς
921 2211 1180 2291 παραπίπτοντας
1200 2209 1379 2292 καιροὺς-

197 2327 439 2407 συντεθειμένων.
487 2327 588 2394 Μοίιιε
618 2325 747 2394 dederat
776 2331 893 2407 αὐτῶν,
917 2329 1003 2418 quod
1025 2331 1068 2395 ita
1092 2331 1210 2396 scilieet
1234 2353 1379 2398 conere-

199 2463 273 2518 runt
296 2449 354 2514 riri
376 2447 472 2514 docti.
522 2448 725 2538 Requiritur:
752 2451 782 2523 ἐς
807 2447 874 2518 ὅσον
897 2449 936 2516 ἂν
959 2453 1161 2535 ίχχωριίσχ,
1184 2458 1243 2518 τῶν
1265 2453 1329 2518 κτὲ.

241 2570 322 2638 lbid.
356 2571 374 2654 §
408 2575 447 2636 3:
482 2573 573 2636 πᾶσα
601 2569 627 2634 δ’
658 2573 676 2646 ἦ
704 2571 763 2650 βία
791 2571 846 2646 rire
872 2574 998 2654 γραφὴν
1018 2572 1104 2638 κατὰ
1127 2572 1223 2654 μικροὶ
1246 2574 1297 2638 καί
1322 2575 1376 2639 ἐπὶ

195 2691 404 2760 Κωνσπιίντιον
422 2689 630 2774 Φίροσίαι.
667 2688 788 2770 Iidem,
814 2692 869 2779 qui
892 2704 976 2758 recte
999 2691 1144 2776 Φίρεσίαι
1167 2709 1376 2784 reposuerunt
1466 2763 1467 2770 χ

195 2837 252 2904 pro
285 2811 432 2894 φέρεται,
469 2809 566 2876 aliurn
601 2833 739 2876 errorem
773 2833 837 2877 non
874 2811 1006 2892 codicis,
1040 2815 1166 2903 opinor,
1197 2813 1250 2880 sed
1281 2817 1377 2904 primi

195 2933 321 3002 editoris
352 2931 503 3020 castigarc
531 2930 785 3019 supersederunt.
834 2933 960 3000 Etenim
996 2935 1063 3000 sine
1096 2934 1194 3000 dubio
1218 2959 1376 3026 reponen-

124 3141 128 3148 .
193 3055 286 3122 dum:
320 3057 413 3120 mire
441 3053 484 3128 dit
514 3051 574 3130 βία
602 3053 687 3127 κτὲ.;
713 3075 787 3120 nam
811 3057 901 3120 πῖισα
924 3055 984 3132 βίοι
1009 3055 1172 3122 Graeculis
1197 3071 1262 3136 est,
1288 3059 1405 3147 qnod'

195 3177 331 3266 antiquis
361 3176 439 3241 πιῖσ’
469 3171 605 3250 dodran.
654 3171 736 3239 Ibid.
770 3175 787 3258 §
823 3177 842 3238 4
871 3198 916 3242 rs.
950 3177 1081 3264 2sqq.:
1108 3175 1161 3242 καὶ
1185 3173 1199 3240 ὃ
1221 3175 1376 3258 ἔπραττεν

195 3301 260 3366 κτέ.
308 3296 358 3362 cf.
385 3293 490 3360 collat.
539 3292 577 3360 ln
603 3295 621 3377 §
648 3299 799 3360 ὄσσοισι
827 3293 966 3374 laborat,
991 3295 1047 3361 ubi
1070 3295 1192 3362 editur:
1219 3295 1295 3364 ἔοικε
1319 3301 1378 3377 μὲν

194 3419 242 3488 οὖν
273 3417 325 3484 καί
357 3414 463 3486 ἄλλως
491 3413 635 3497 ίχριίνος
658 3451 702 3464 -
725 3414 878 3490 πολλάκις
902 3417 952 3482 ἐπὶ
977 3421 1153 3482 τοιαῦτα
1175 3419 1376 3502 καταφέρεσ-

193 3547 242 3608 ίαι
282 3536 518 3618 συμπτώματα.
579 3534 681 3602 Maius
723 3548 829 3602 tamen
870 3550 955 3602 recte
989 3538 1215 3627 intorpretatur
1248 3577 1294 3591 -
1327 3543 1380 3607 ad

193 3660 318 3730 eosdem
340 3658 460 3724 redire
483 3679 600 3723 οαοιιι.
639 3655 757 3742 Quidni
779 3657 875 3746 igitur
898 3656 982 3723 idem
1002 3659 1158 3749 rescripsit
1180 3659 1230 3726 ἐπὶ
1250 3663 1375 3728 ταύτὰ

194 3779 422 3865 καταφέρεσθαι
449 3779 542 3846 uad?
590 3777 640 3844 lb.
674 3779 692 3862 §
723 3781 766 3844 7:
791 3775 883 3844 ἄλλα
906 3776 932 3842 δ’
956 3779 1104 3861 ἀλλαχοῦ
1128 3779 1180 3844 καί
1205 3782 1278 3862 πρὸς
1301 3799 1376 3849 πολ·

193 3903 265 3975 λοὺι
310 3897 520 3983 αναφριίζων
554 3899 586 3964 ἐν
619 3898 809 3972 ἐπιστολαῖς.
868 3889 1010 3966 Verbum
1044 3899 1257 3984 ἀναφροίζειν
1297 3903 1377 3969 mihi
1462 3953 1463 4003 p

195 4035 280 4092 certe
302 4021 395 4110 plane
421 4017 600 4086 inauditum
620 4031 686 4099 eat,
711 4041 835 4108 neque,
861 4042 942 4109 quae
954 4022 1050 4111 possit
1061 4045 1127 4088 esse
1138 4025 1378 4114 praepositionis

194 4147 239 4212 ris
269 4145 302 4210 in
334 4140 388 4206 illo
420 4141 613 4230 composito,
644 4141 718 4206 satis
741 4140 821 4206 mihi
843 4141 955 4230 liquet.
976 4233 980 4240 '
1005 4141 1125 4209 Vereor
1147 4167 1188 4210 ne
1213 4143 1378 4236 Eunapius
1461 4217 1462 4224 ρ

193 4263 332 4332 dederit:
369 4259 422 4326 καὶ
457 4258 529 4340 πρὸς
563 4260 697 4333 πολλοὺς
735 4261 840 4328 αὐτὰ
870 4260 1014 4346 φριίζων,
1046 4264 1313 4353 quemadmodum
1344 4270 1378 4334 in

193 4384 329 4472 excerpti
352 4381 416 4448 fine
439 4379 573 4467 legitera
600 4379 651 4446 καί
676 4382 748 4464 πρὸς
771 4382 905 4458 πολλοὺς
929 4383 1036 4450 αὐτὰ
1060 4385 1111 4450 διὰ
1131 4391 1190 4451 τῶν
1207 4387 1380 4458 ἐπιστολῶν

195 4503 301 4578 ὑμνῶν.
348 4499 489 4568 Foedum
519 4521 677 4580 errorem,
711 4503 765 4590 qui
793 4525 865 4568 mor
896 4505 1088 4594 conspicitur
1117 4507 1152 4571 in
1175 4506 1295 4578 verbis:
1322 4513 1378 4577 καί

197 4620 240 4694 μὴ
262 4621 378 4690 δεῖσθαί
399 4645 472 4690 που
494 4618 537 4689 τιί
560 4624 589 4686 τ’
613 4620 691 4702 ἔργα
715 4622 877 4702 λέγοντος,
903 4626 1000 4691 miror
1023 4626 1163 4694 nondum
1188 4630 1379 4719 castigatum
