2944 5002
635 317 672 376 15

72 521 137 586 quac
155 497 247 565 rerba
263 521 356 566 nemo
369 523 434 566 non
445 501 584 566 monitus
595 521 743 578 mecum,
766 499 916 568 suadente
929 503 995 591 ipsa
1008 521 1083 566 sana
1102 498 1239 577 ratione,

71 621 103 684 ita
121 619 320 700 emendabit,
345 634 381 685 ut
393 621 545 711 legamus:
566 620 695 688 ααύύλου
720 619 744 685 δ’
768 623 818 686 ἐπ’
839 623 1039 706 εὐσεβείᾳ
1058 621 1110 688 καὶ
1132 621 1242 686 δικαιο·

71 741 144 823 τύνιι,
178 743 252 822 πρὸς
289 741 321 806 δὲ
355 743 471 816 τούτοις
504 743 681 827 ττρατννύρι
712 743 765 810 καὶ
803 743 974 826 άνδρεύρι
1009 742 1074 808 κτὲ.
1121 741 1243 831 Suapte

71 863 139 926 eninr
173 875 289 927 nature
324 863 561 954 coniunguntur
594 865 694 954 pictas
730 877 824 954 atque
860 864 977 930 iustitia
989 911 998 943 ,
1031 864 1077 930 rci
1099 861 1244 928 militaris

71 984 163 1070 peritia
185 996 219 1050 et
241 983 405 1050 fortitudo.
456 985 608 1076 Exemplo
631 987 711 1065 sint,
736 987 761 1052 si
785 987 818 1052 in
842 985 897 1051 tali
920 1007 953 1051 re
977 984 1119 1073 exemplo
1144 1006 1241 1074 opus,

73 1127 136 1190 quae
146 1127 219 1170 mor
231 1118 408 1194 sequuntur
419 1107 452 1172 in
464 1107 578 1196 fragm.
594 1107 640 1174 XI
660 1109 746 1174 inis:
773 1104 988 1185 ύτιἌδμιιτος
1001 1105 1052 1170 ἐπὶ
1073 1103 1245 1186 διααιοσύνιι

74 1225 111 1288 καὶ
127 1226 273 1310 εὐσεβείᾳ
293 1228 359 1292 uri.

107 1345 259 1436 Neglectis
280 1349 335 1428 iis,
360 1371 443 1437 quae
454 1351 586 1416 minoris
598 1351 752 1416 momenti
772 1371 838 1416 esse
858 1348 1036 1427 rideantur,
1058 1369 1191 1438 propero
1205 1344 1245 1411 ad

74 1468 216 1534 oraculum
254 1468 446 1557 Pythicum,
483 1471 568 1560 quod
592 1472 738 1560 Lycurgo
762 1470 871 1536 datum
896 1470 1012 1560 legitur
1034 1471 1068 1536 in
1092 1491 1159 1534 ero.
1183 1465 1245 1532 XII

75 1585 144 1672 {tlt
179 1591 197 1675 S
233 1589 267 1677 2)
303 1613 339 1656 ex
363 1590 444 1656 libro
470 1591 552 1670 vll,
579 1591 727 1680 quodque
755 1590 920 1657 emendate
949 1589 1098 1656 scribitur
1120 1601 1246 1680 praeter

75 1727 153 1773 unum
183 1733 228 1776 rs.
265 1717 296 1776 5.
345 1711 501 1780 Videlicet
528 1735 620 1802 aegre
645 1735 809 1802 concoquo
833 1713 867 1778 in
890 1711 1010 1778 verbis:
1038 1706 1073 1783 ἣν
1097 1710 1132 1784 et
1156 1717 1244 1782 λαοῖς

76 1830 221 1904 ἡγεῖσθε
256 1832 396 1898 κέλευθον
421 1834 487 1899 ιιτὲ.
526 1855 695 1900 numerum
730 1833 886 1922 pluralem
920 1834 953 1897 in
989 1829 1154 1908 dysteos,
1171 1829 1247 1918 quia

76 1945 167 2034 Pythia
205 1975 309 2018 nnnm
344 1953 526 2043 adloquitur
561 1955 763 2044 Lycurgum,
801 1966 832 2018 et
867 1975 938 2018 mor
979 1963 1065 2016 recte
1103 1950 1246 2040 sequitur

22 2139 23 2160 ἶ
75 2070 203 2158 singulari
235 2097 389 2140 numero:
427 2113 484 2150 -,
506 2075 560 2150 τὴν
598 2077 633 2150 at
669 2072 837 2158 πεφύλαξο
869 2071 1025 2151 μάλιστα.
1075 2071 1125 2138 bn
1149 2071 1246 2160 igitur

76 2193 282 2278 reponendum:
308 2190 342 2269 ἣν
363 2195 566 2274 δὶς-ἡγοῦ
588 2197 633 2261 σὺ
654 2197 744 2276 κτὲ.,
770 2210 804 2260 nt
829 2219 858 2260 r.
882 2219 911 2260 c.
934 2196 967 2260 in
989 2193 1136 2270 oraculo,
1161 2191 1247 2282 quod

75 2307 168 2398 legitur
202 2316 235 2380 in
272 2315 346 2381 libri
381 2315 460 2382 VIII
497 2317 536 2382 [τ.
564 2319 628 2382 26:
656 2317 803 2398 Σατύριον
827 2316 946 2400 φράζου
971 2315 1008 2382 σὺ
1031 2313 1193 2397 Τάραντύς
1216 2315 1247 2378 τ’

76 2432 177 2507 innoba
200 2435 307 2517 dion?
356 2435 491 2502 Videant
516 2437 580 2502 alii.

109 2555 266 2639 Quomodo
291 2555 374 2644 apud
399 2557 518 2622 linium
550 2557 647 2646 ipsius
683 2557 810 2624 editoris
845 2557 1040 2646 negligentia
1076 2555 1138 2620 duo
1161 2555 1246 2643 frag·

76 2688 160 2740 nanta
188 2675 283 2764 (XIII
313 2699 364 2766 ap,
391 2677 507 2758 berk,
536 2675 609 2744 XIV
631 2681 648 2763 §
670 2684 689 2742 5
712 2701 762 2767 ap.
787 2677 894 2763 Mull.)
921 2689 987 2742 toto
1013 2675 1100 2740 coelo
1124 2675 1245 2740 diversa

77 2793 99 2855 in
129 2819 222 2862 onum
255 2798 452 2878 coaluerint,
486 2800 548 2864 iam
582 2798 676 2865 verbo
707 2799 818 2864 monui
840 2798 872 2862 in
898 2795 1066 2862 collatione
1090 2794 1129 2860 ad
1157 2795 1191 2860 h.
1221 2795 1244 2860 l.

78 2911 279 3008 monsignor
303 2920 512 2984 constituatur
535 2921 569 2984 in
593 2918 680 2984 hunc
704 2918 855 2984 modurn:

109 3041 141 3101 'A
162 3041 406 3121 φιλοχρηματία
429 3039 581 3122 Σπάρταν
605 3043 690 3119 ύλεῖ,
715 3038 796 3105 ἄλλο
821 3039 900 3119 γάρ
925 3037 1018 3104 οὐδέν.
1044 3075 1088 3086 -

193 3159 310 3248 (Ὅτι)
345 3164 361 3237 si
393 3163 490 3228 Πυύύοι
516 3161 628 3242 ἔχριιοε
652 3163 695 3242 τῷ
720 3161 886 3241 Λυκούργῳ
909 3159 976 3240 περὶ
1002 3166 1060 3224 τῶν
1084 3160 1246 3226 πολιτικῶν

78 3272 163 3352 cirrus·

192 3405 241 3477 on
267 3402 331 3482 γάρ
355 3399 554 3482 άργνρύτοξος
576 3400 658 3479 άναξ
681 3400 825 3482 ἑκάεργος
850 3398 1014 3467 ’Λπύλλυν
1039 3400 1105 3465 κτὲ.

114 3522 195 3606 Quod
230 3523 270 3587 ad
306 3524 405 3613 ipsam
429 3547 496 3589 rern
520 3524 655 3602 attinet,
681 3523 719 3589 de
742 3547 805 3612 quo
830 3525 953 3612 agitur,
979 3521 1120 3588 conferas
1145 3517 1247 3584 Hero·

77 3636 168 3708 dotum
208 3646 242 3710 in
286 3645 340 3710 lib.
378 3645 393 3710 I
427 3667 496 3734 cap.
542 3649 584 3710 65
623 3648 640 3729 §
679 3650 697 3710 4
734 3645 778 3709 sic
814 3642 1023 3708 scribentem:
1062 3640 1087 3705 oi
1122 3641 1179 3717 μὲν
1215 3639 1250 3716 δύ

78 3783 142 3835 ron
169 3767 241 3848 πρὸς
271 3769 402 3832 τούτοισι
427 3767 554 3844 λέγουσι
577 3767 630 3832 καὶ
656 3765 775 3848 φράσαι
800 3765 884 3844 αύτῷ
908 3764 963 3838 τὴν
987 3761 1099 3838 Πυύύνν
1121 3761 1173 3826 τὸν
1199 3765 1251 3826 νῦν

77 3893 259 3952 κατεστεῶτα
293 3887 405 3966 κόσμον
443 3889 670 3971 Σπαρτιήτῃσι.
721 3887 877 3960 ,Ceterum
913 3886 947 3951 in
982 3885 1086 3974 priore
1121 3881 1251 3948 oraculo

78 4007 146 4094 turpi
166 4006 255 4074 biatu
278 4007 416 4072 difformi
439 4031 511 4074 meo
535 4009 637 4074 Marte
660 4031 717 4097 pro
741 4005 820 4074 άλλο
849 4007 880 4072 δὲ
899 4006 981 4072 οὐδὲν
1002 4005 1140 4096 reposui:
1168 4001 1250 4070 άλλο

77 4127 139 4208 rata
172 4129 262 4194 οὐδὲν.
312 4129 349 4194 ln
381 4131 560 4218 posterioris
593 4129 712 4194 oraculi
740 4153 784 4194 vs.
812 4132 832 4194 8
857 4127 1033 4192 festinantis
1058 4123 1178 4190 librarii
1201 4145 1250 4185 so-

25 4339 26 4346 }
78 4247 168 4314 cordio
192 4248 324 4328 accidit,
350 4261 385 4314 ut
408 4263 439 4316 et
463 4263 600 4316 metrum
625 4262 656 4316 et
677 4273 784 4316 sensus
806 4247 949 4315 funditus
971 4246 1135 4337 perierint.
1169 4240 1251 4308 Nam

25 4359 27 4454 f
78 4371 143 4434 meis
164 4371 242 4438 mibi
264 4369 365 4436 oculis
388 4371 529 4460 persuasi
551 4383 637 4436 recto
661 4372 705 4436 M.
732 4372 765 4434 in
789 4369 883 4435 hunc'
899 4367 1029 4434 modum
1053 4365 1183 4454 legisse:

25 4499 28 4570 t

199 4493 366 4558 Μνύεΐτύαι
391 4491 421 4557 δὲ
445 4495 489 4557 τά
513 4493 600 4558 καλά
624 4493 676 4559 καὶ
701 4491 792 4574 ἔρδειν
817 4492 923 4558 πάντα
948 4490 1069 4560 δίκαιον,

202 4613 319 4690 Μηδέτι
344 4613 556 4692 ἐπιβουλεύειν
580 4614 652 4700 τῇδε
678 4614 776 4680 πύλει.
