2932 5004
622 353 680 416 111

72 535 176 600 insulsa
206 528 318 602 rocula
349 536 437 615 τότε,
470 537 590 604 infelici
621 539 802 604 coniectura
833 542 956 606 inrecta
987 563 1044 631 pro
1072 563 1133 618 τοι,
1158 538 1241 630 quod

71 658 92 720 si
118 657 147 721 in
175 662 265 724 τοῦτο
290 659 479 737 mutareris,
504 659 610 724 omnia
634 671 718 725 recte
740 659 924 750 procedent,
956 659 1118 742 ‘Absurde
1140 659 1245 728 editur

70 800 108 842 rs.
136 780 178 842 9:
211 769 239 843 oi
269 779 323 844 καί
355 777 440 844 κατά
467 785 526 844 τῶν
558 780 661 860 κυρίων
692 780 832 861 πρότερον
861 781 905 847 τά
927 781 1056 864 ἔσχατα
1078 780 1243 848 ἐνδεικνά

70 921 141 973 μενοι
164 895 242 964 οὕτω
267 900 339 981 πρδς
362 900 414 965 τδν
436 905 495 966 τῶν
518 897 622 966 ἀλλων
644 899 735 984 φίνον
764 901 921 983 ἐτρέποντο
982 901 1084 992 Iege:
1112 900 1244 979 ἕνδειξά·

16 1107 17 1114 ἵ
70 1041 143 1096 μενοι
164 1020 231 1084 xri.
282 1019 446 1086 Grassatns
480 1033 526 1087 est
550 1020 756 1110 interpolator
778 1045 823 1087 rs.
852 1026 912 1088 13:
939 1020 1088 1088 αὑτίντε
1112 1021 1245 1098 κιοίτην

70 1148 196 1216 γυναῖκα
231 1138 408 1220 δεδεμένους
442 1139 717 1224 ἕξαγκωνίσαντςς.
768 1143 958 1232 Quicunque
977 1143 1155 1209 meminerit
1181 1165 1245 1208 rer·

70 1259 137 1324 bum
170 1259 385 1342 ἐξαγκωνίζιιν
420 1262 616 1351 significare:
655 1265 830 1332 revincire
865 1264 978 1330 alicui
1009 1285 1133 1328 ιιιανιιιο
1160 1271 1246 1353 post

71 1389 194 1470 tergum
218 1403 283 1446 non
307 1383 442 1471 poterit,
469 1383 546 1472 quin
569 1405 696 1448 mecum
720 1383 848 1449 obiiciat
871 1405 1138 1474 supervacaneum
1159 1382 1244 1449 istud

70 1501 232 1578 δεδεμένους
259 1515 292 1568 et
315 1503 436 1568 auctori
459 1525 515 1568 sno
538 1501 660 1569 reddat.
709 1504 747 1570 In
771 1505 885 1570 vicinio
910 1528 953 1571 rs.
981 1508 1022 1570 19
1045 1505 1168 1570 malim:
1194 1505 1245 1572 τδν

71 1621 106 1693 li
136 1619 326 1704 Δαμάφιλον
359 1623 424 1688 κτέ.
454 1643 511 1713 pro
542 1626 593 1690 τδν
625 1623 664 1688 δὲ
695 1635 754 1702 Δ.;
786 1637 817 1690 et
848 1648 892 1690 vs.
926 1629 990 1690 29:
1025 1625 1076 1690 διά
1098 1626 1130 1692 δὲ
1152 1624 1246 1704 μόνην

74 1741 141 1829 (την)
163 1742 327 1824 τερατείαν
346 1744 397 1808 καί
421 1743 456 1810 τδ
479 1753 534 1820 τῆς
554 1743 757 1818 ἀποστάσεως
781 1743 884 1827 ἀρξαι.
910 1744 963 1810 Vs.
979 1750 1021 1810 34
1035 1745 1183 1812 orationis
1194 1746 1246 1810 in·

72 1863 258 1928 concinnitas
280 1861 349 1928 tolli
367 1865 464 1953 possit
475 1863 657 1930 scribendo:
678 1865 787 1930 καίων’
807 1865 878 1942 μὲν
896 1865 1052 1940 ταύτην
1072 1865 1246 1946 correpsiss-

71 2007 142 2047 οιτον
165 1981 387 2062 αἰκισάμενοι,
415 1984 495 2073 [καί]
521 1985 614 2056 αὐτὸς
637 1985 669 2052 δὲ
691 1985 761 2059 τοὺς
783 1983 873 2056 ίδίους
896 1987 1000 2050 ἀνεῖλε
1022 1984 1148 2064 κυρίους.

107 2103 284 2169 Pronomen
311 2103 513 2171 indefinitum
544 2106 591 2181 τίς
623 2105 833 2172 revocandum
860 2129 893 2195 p.
926 2108 988 2172 137
1013 2128 1058 2172 rs.
1085 2109 1124 2170 4:
1151 2101 1190 2170 ὧν
1211 2101 1246 2180 ἦν

72 2223 271 2313 Ἀχοιιίς(τις)
302 2225 354 2291 καί
384 2224 520 2306 τοῦνομα
550 2226 603 2292 καί
634 2227 668 2292 τδ
698 2224 803 2304 γένος,
835 2225 882 2290 uti
911 2247 983 2289 mor
1015 2248 1060 2290 rs.
1088 2227 1129 2290 12
1159 2235 1246 2290 recte

16 2317 17 2384 ί
72 2345 222 2412 scribitur:
258 2347 362 2412 Κλέαν
391 2339 439 2422 τις
471 2345 571 2424 Κίλιξ.
619 2348 658 2412 In
689 2346 797 2414 eadem
826 2347 941 2436 pagina
965 2369 1010 2412 vs.
1036 2349 1077 2412 37
1107 2345 1246 2412 ioculare

16 2437 17 2506 ί
71 2467 215 2533 emblema
247 2467 403 2532 eximatur
432 2490 450 2532 e
482 2467 603 2534 verbis:
636 2465 709 2532 ὥστ’
742 2465 930 2548 ἀρξαμένους
954 2467 988 2532 ἐκ
1013 2465 1128 2532 παίδων
1149 2467 1246 2548 βοράς

72 2587 112 2651 rai
135 2587 310 2660 διελθόντας
334 2587 385 2652 διά
408 2594 560 2666 γυναικῶν
576 2587 652 2666 μηδὲ
673 2592 727 2660 της
753 2585 878 2674 [αὐτῶν]
903 2585 1151 2668 ἀλληλοφαγίας
1171 2587 1245 2664 μηδ’

71 2705 132 2782 ἕλος
151 2710 335 2791 φείσασθαι.
367 2707 450 2774 Dare
468 2708 638 2798 potuisset:
663 2715 719 2783 τοῖς
739 2708 839 2772 αὐτῶν
858 2704 1076 2788 σαρκοφαγίας
1098 2704 1153 2792 (cl.
1169 2729 1196 2770 r.
1212 2728 1241 2772 c.

17 2815 18 2820 ἵ
70 2827 114 2892 lib.
136 2829 231 2894 xvlr
255 2851 285 2896 c.
310 2830 387 2917 88),
412 2827 465 2894 sed
484 2836 541 2903 τῆς
560 2827 660 2894 αὐτῶν
680 2825 929 2910 ἀλληλοφαγίας
949 2848 1042 2892 nemo
1062 2825 1245 2892 mortalium

69 2947 180 3016 dixerit.

104 3071 178 3160 Peg.
215 3073 280 3136 138
310 3093 354 3136 rs.
391 3075 404 3134 1
441 3070 613 3136 necessario
645 3067 872 3158 supplendum:
906 3068 1067 3151 φεύγοντα
1098 3069 1160 3154 (ἐκ)
1188 3077 1245 3144 τῆς

67 3191 307 3272 πολιορκουμένης
343 3189 473 3263 πίλεωςι
518 3189 601 3255 Ibid.
634 3213 677 3255 rs.
706 3194 725 3255 4
750 3189 999 3255 additamentum
1031 3189 1244 3270 δστρατηγδς

66 3311 168 3376 arelius
199 3311 332 3376 abesset.
382 3310 436 3376 Vs.
463 3313 483 3375 8
507 3309 699 3376 locutionem
723 3307 826 3386 δείξας
850 3309 949 3390 νεκρὸν
973 3308 1112 3376 tribuere
1135 3309 1244 3375 malim

66 3431 215 3522 eclogario
249 3453 346 3521 qnam
378 3429 535 3509 Diodoro,
570 3431 659 3496 cuius
689 3429 815 3496 dicendi
838 3431 919 3495 mori
941 3452 1005 3496 non
1029 3429 1243 3496 adversaretur

65 3553 194 3628 ἐκτείνας
230 3553 339 3634 νικρά.
389 3553 443 3618 Vs.
484 3555 523 3618 15
559 3551 727 3618 deleverim
762 3573 877 3618 nomen
912 3551 1076 3640 proprium
1106 3551 1139 3616 in
1172 3550 1240 3617 bis:

64 3673 75 3734 i
103 3675 132 3738 δδ
164 3675 315 3756 τερατίιος
350 3671 488 3760 [Εὔνους]
515 3671 568 3738 καί
590 3673 754 3753 βασιλεύς.
803 3672 875 3738 Mor
898 3670 1021 3737 editur:
1048 3676 1243 3754 καταφυγὼν

65 3793 92 3857 ἓν
122 3819 207 3862 τισι
241 3793 405 3860 κοιλάσι
434 3790 719 3874 &zoraniscaeos
739 3792 904 3876 τεττάρων·
928 3792 1098 3873 μαγείρου,
1120 3791 1243 3874 ἀρτοκό-

65 3937 112 3979 που
134 3916 190 3982 καὶ
214 3919 268 3981 τοῦ
292 3915 446 3996 τρίβοντος
471 3915 564 3980 αὐτὸν
587 3915 618 3978 ἐν
638 3915 680 3996 τῷ
701 3915 825 3995 λουτρῷ.
873 3915 933 3980 Pro
953 3911 1024 3993 ἀμα
1042 3912 1127 3980 hand
1147 3914 1244 3982 dnbie

64 4034 273 4123 reponendum
300 4034 404 4112 μετά,
439 4035 592 4123 reliquam
617 4035 765 4100 orationis
787 4034 966 4102 scabritiem
989 4033 1156 4102 tribuerim
1179 4037 1244 4126 epi-

63 4158 212 4222 tomatori.
262 4155 352 4222 idern
385 4155 590 4222 indicandum
622 4155 746 4221 ridetur
779 4155 818 4222 de
842 4155 978 4222 duorum
1003 4156 1240 4235 Genitirornm,

64 4275 219 4344 «enecari
251 4289 283 4342 et
312 4276 480 4354 obiectio,
512 4299 667 4344 concursu
697 4275 867 4343 admodum
890 4275 1061 4367 ineleganti
1084 4278 1117 4342 in
1140 4275 1242 4344 verbis

64 4395 111 4478 [rs.
144 4401 226 4486 31)ι
260 4401 316 4473 την
348 4403 406 4463 τῶν
437 4399 594 4479 ἐλευθέρων
626 4399 796 4480 ὑπερβολὴν
824 4403 883 4464 τῶν
913 4397 1160 4480 ἀκληρημάτων,
1185 4397 1240 4486 qui

63 4515 144 4584 lacile
181 4520 292 4586 evitari
316 4520 467 4610 potuisset
490 4521 624 4609 scripto:
662 4519 717 4594 την
752 4519 858 4586 κατά
890 4519 980 4593 τοὺς
1014 4518 1240 4599 ἐλευθέρους

64 4637 230 4720 ὑπερβολὴν
256 4647 316 4708 τάν
339 4639 574 4725 ἀκληρημάτων.
