2944 5002
88 525 307 608 φιλανθρώπως
329 525 456 602 ύμίλει,
481 525 531 590 καὶ
557 524 709 599 πολλοίκις
733 527 783 592 ἐπὶ
808 527 919 594 δεῖπνα
942 528 1270 610 παρελαμβάνετο.

91 647 189 712 Ιιιιιιιο
213 669 287 713 rero
311 644 494 727 παρελύμβ
506 669 585 712 ανε.

135 767 233 833 Recte
267 767 421 834 Mullerus
448 766 627 834 emendavit
659 769 744 834 mule
778 791 885 835 sunam
913 771 1117 860 scripturum:
1150 770 1273 850 δεομένη

89 891 158 954 καθ’
181 889 297 970 ἡμέραν
320 888 438 970 τοίνδρί
461 888 643 978 reponendo
663 889 810 971 τοίνδρδς
833 891 865 954 in
889 891 928 955 fr.
951 890 1100 978 wll),
1119 903 1156 956 ut
1168 904 1273 957 tumen

89 1021 173 1076 recte
204 1009 316 1099 legisse
346 1009 470 1076 ridetur
500 1009 616 1090 bleius;
650 1022 735 1076 certe
758 1009 880 1075 nullum
903 1011 1028 1076 enotavi
1051 1009 1273 1077 differentiam.

90 1129 173 1196 lbid.
217 1153 262 1197 rs.
305 1135 347 1196 6:
392 1129 472 1206 ὅπως
509 1133 632 1216 σίποστῆ
666 1131 809 1211 Ῥύμης.
868 1131 1001 1198 llieeudi
1036 1155 1109 1198 usus
1144 1132 1276 1220 requirit

89 1253 283 1332 Ῥωμαίων.
331 1252 413 1318 Ibid.
443 1255 477 1318 in
509 1253 573 1318 fine
603 1252 833 1343 suppleverim:
868 1255 961 1325 αὐτὸς
996 1254 1028 1322 δὲ
1051 1253 1208 1336 παρελθὼν
1232 1253 1276 1324 είς

89 1373 146 1446 cles
164 1375 275 1449 σκηνίρν
294 1373 460 1456 φοίρμακον
479 1372 646 1452 ύαυοίαιμον
667 1372 761 1461 (δοὺς)
783 1381 822 1448 τῆ
840 1372 963 1451 γυναικί
981 1381 1061 1438 πιεῖν
1080 1371 1275 1452 ἧντίγκασενς

89 1495 150 1558 nisi
190 1495 273 1559 forte
314 1495 411 1559 :neris
453 1493 643 1560 rescribere:
687 1493 742 1567 τίεν
777 1502 914 1571 γυναῖκα
948 1495 1012 1560 xci.
1071 1493 1144 1561 Non
1179 1495 1277 1584 magis

89 1613 279 1680 crediderim
311 1637 355 1680 rs.
393 1621 413 1681 3
445 1637 514 1704 sqq.
546 1637 621 1680 sunu
652 1637 718 1680 esse
743 1612 855 1679 rerba:
886 1615 999 1692 τηοσε
1022 1613 1092 1696 ὅφιν
1116 1611 1150 1689 ἦν
1173 1617 1278 1696 εὐπρε·

89 1737 151 1809 πίρς
180 1736 234 1800 καὶ
258 1743 321 1806 τοῖς
344 1735 384 1801 νύ
390 1759 482 1814 μοις
506 1735 627 1809 ποικίλη
651 1734 704 1800 καί
728 1737 793 1800 πῖον
816 1733 1073 1816 ἕξομηρεύσασύαι
1098 1735 1276 1813 δυναμένηί

23 1827 28 1838 ⁸
90 1855 205 1922 llelius
238 1855 469 1945 intelligerem,
501 1857 528 1922 si
559 1855 767 1920 scriberetur:
794 1854 933 1927 καὶτοῖς
965 1853 1131 1934 τρύποις
1154 1855 1277 1928 ποικίλη

90 1977 145 2041 καί
179 1979 245 2043 πᾶν
275 1974 533 2058 ἐξομηρεύσοοτύαι
568 1975 737 2056 δυναμένη,
769 1977 791 2040 i.
827 1997 855 2040 c.
888 1977 1025 2064 ingenii
1058 1974 1186 2040 callide·
1221 1985 1277 2040 ct·

90 2119 157 2186 que
176 2101 317 2190 ,αατειιίί
338 2098 481 2176 realiter,
507 2105 635 2162 cetera.

136 2218 191 2283 Fr.
226 2217 303 2283 xlv
336 2217 408 2304 (xl)
443 2217 675 2308 supplendum:
713 2220 756 2291 είς
792 2215 870 2307 (τὸν)
905 2216 1019 2298 λιμένα
1053 2229 1085 2284 et
1118 2219 1278 2308 corrigen-

90 2340 187 2404 dum:
233 2338 328 2412 ούδείς
371 2339 538 2415 ύπηκουτε
572 2361 631 2428 pro
666 2339 840 2414 detinuere.
899 2339 952 2405 Fr.
991 2338 1067 2404 XVI
1104 2338 1210 2428 (Xlll)
1247 2353 1279 2406 et

90 2461 129 2527 fr.
154 2459 268 2540 xvlt,
292 2459 347 2524 ubi
367 2459 477 2525 eedem
500 2472 684 2539 recurrunt,
708 2459 920 2550 supplendum
940 2459 1084 2525 ridetur:
1111 2460 1125 2524 ί
1145 2460 1280 2539 Σκιπίων

88 2583 145 2648 ούκ
182 2581 243 2664 ἔφη
280 2580 419 2670 (αὐτοὺς)
454 2581 515 2647 δεῖν
536 2580 703 2662 πρύττενν,
726 2579 749 2648 cl
772 2589 835 2654 τοῖς
858 2579 1072 2662 Καρχηδονίοις
1094 2581 1279 2660 ἐγκαλοῦσι,

90 2716 126 2768 ut
150 2714 238 2768 recte
259 2701 408 2768 scribitur
426 2702 459 2767 in
477 2702 518 2767 l'r.
533 2701 662 2768 XVIII:
688 2703 802 2775 ε’νταῖς
821 2701 983 2782 εὐτυχίαις
1006 2701 1157 2774 αὐτούς
1181 2700 1278 2784 προίσ-

90 2847 156 2889 τειυ
179 2819 202 2888 ἃ
224 2831 287 2896 τοῖς
310 2821 418 2898 σίλλοις
441 2825 639 2902 έχιιαλούσιν.
687 2824 740 2890 Fr.
766 2823 876 2890 xvltt
902 2821 1054 2911 (xime.
1089 2827 1133 2889 20
1161 2824 1290 2889 minu-¹

90 2945 161 3009 lum
194 2945 329 3011 inseres:
367 2944 549 3028 φαντασίαν
585 2943 664 3032 (τοῖν)
689 2944 913 3027 συμφέροντος;
936 2943 1073 3010 eundem
1097 2967 1208 3010 reroee
1231 2969 1276 3012 rs.

90 3069 159 3134 22:
194 3066 251 3131 ὑπὸ
280 3066 311 3131 δὲ
335 3073 391 3141 τῆς
415 3065 487 3148 πρδς
513 3063 609 3154 (τοὺς)
632 3066 843 3146 οίκληρούντας
867 3067 958 3146 ύργῖρς
982 3067 1154 3145 ἡττᾶσθαι,
1178 3079 1210 3132 et
1231 3089 1277 3132 rs.

92 3191 136 3252 26
170 3209 243 3253 eum
265 3185 487 3276 palimpsesto:
511 3189 529 3263 η
554 3183 630 3263 δύξα
656 3185 738 3275 (τῶν)
764 3185 987 3268 εύτυχηκίτιιν.
1038 3187 1093 3254 Vs.
1119 3191 1162 3253 30
1185 3187 1276 3276 lege:

90 3308 199 3374 οὐδέν
240 3309 311 3398 (pro
350 3305 443 3394 οὐδὲ)
481 3305 544 3388 χοίρ
576 3288 644 3372 Ιἔστι
680 3305 770 3385 μέγα
804 3306 856 3371 τὸν
891 3307 1029 3382 ἑκουσίας
1065 3309 1280 3374 ὑποπίπτοντα

87 3427 240 3512 φονεύειν.
275 3427 324 3493 lb.
348 3451 381 3517 p.
404 3431 447 3493 60
470 3451 515 3493 rs.
545 3433 581 3492 11
607 3428 697 3516 lego:
722 3427 776 3494 καὶ
794 3427 857 3507 γὰρ
881 3427 929 3493 clv
951 3429 1198 3510 οίλλοτριύτατύς
1216 3453 1279 3508 τις,

87 3550 146 3615 ἐὰν
182 3549 272 3620 ἐλέου
295 3549 396 3633 τύχη,
421 3547 624 3630 μεταβάλλει
647 3551 733 3628 τοτὲ,
761 3549 801 3614 br
823 3571 880 3639 pro
903 3547 942 3614 ίιν
965 3562 997 3614 et
1019 3549 1106 3614 έλέου
1126 3571 1200 3614 cum
1220 3573 1279 3640 pe·

89 3672 253 3761 limpsesto
289 3695 347 3762 pro
381 3671 493 3746 ἐλέους.
541 3670 621 3736 lbid.
653 3693 697 3737 rs.
732 3673 772 3735 16
801 3670 1004 3759 expunxerim
1031 3668 1281 3738 additamentum

88 3795 123 3858 in
149 3791 218 3857 his:
244 3792 304 3863 τοὶς
323 3793 379 3872 μέν
401 3793 513 3873 φιλίας
535 3789 704 3864 οίίαυοίτους
729 3788 880 3872 ύποίρχειν
903 3789 963 3862 τοῖς
990 3790 1016 3855 δ’
1037 3787 1149 3873 ἔχύρας
1172 3789 1277 3882 [εἶναι]

87 3913 221 3990 tunde:
244 3937 289 3978 rs.
320 3917 359 3979 19
383 3911 553 3980 resecanda
575 3912 763 3979 crediderim
782 3934 864 4001 quee
884 3913 973 3978 uncis
986 3911 1134 4002 sepienda
1146 3917 1276 3981 curari:

86 4033 137 4102 ὅτι
174 4035 243 4106 τοὺς
279 4035 421 4113 instate:
452 4033 655 4113 βουλομένους
688 4034 751 4115 ούχ
780 4029 856 4098 οὕτω
883 4041 948 4107 τοῖς
977 4031 1086 4108 ἄλλοις
1122 4033 1281 4118 ὑπερέχειν

88 4159 266 4235 ἀναγκαῖον
307 4157 345 4228 ὥς
388 4154 536 4238 ἐπιεικείας
580 4155 633 4219 καί
674 4151 852 4235 μετριότητι
890 4153 951 4242 [δεῖ
984 4160 1071 4220 νικοῖν
1105 4151 1279 4240 deaurant

6 4341 7 4368 Ξ
87 4277 213 4344 Deinde
248 4275 371 4343 scribo:
408 4277 423 4341 δ
458 4275 514 4354 μέν
547 4275 611 4356 γὰρ
644 4275 680 4341 ἐκ
710 4278 764 4340 τοῦ
794 4276 972 4356 κρατεῖσθαι
1000 4274 1101 4358 φύβος
1125 4275 1279 4353 μισεῖσίαι

84 4409 174 4466 ποιεῖ
198 4399 271 4473 τοὺς
307 4402 512 4479 κρατοῦντας,
549 4399 565 4472 ἡ
602 4395 626 4460 δ’
661 4398 705 4470 είς
739 4396 810 4467 τοὺς
838 4396 1029 4474 ἡττωμένους
1064 4395 1277 4474 εὐγνωμοσύνη

83 4523 232 4604 βεβαίας
263 4520 401 4600 συνέχει
432 4519 490 4592 τίοι
511 4518 677 4596 elymelec
701 4539 758 4607 pro
781 4515 898 4594 συνέξει
921 4519 986 4582 κτέ.
1024 4515 1072 4580 lb.
1095 4538 1138 4578 vs.
1155 4517 1280 4582 l5mu·
1344 4587 1347 4600 ¹
