2946 5014
607 387 629 453 ³

56 565 130 630 nude
142 562 339 640 adhibentur,
351 562 402 628 sed
417 562 489 627 eddi
513 562 592 628 solet
610 567 664 627 eut
685 583 747 640 res,
770 583 830 646 qun
852 561 895 626 sit
917 559 1030 646 aliquis
1041 559 1186 639 inferior,

56 687 103 746 ent
125 703 264 768 persone
288 680 361 745 Nisi
381 677 490 758 fallor,
512 677 686 764 Aeschylus
710 678 895 764 scripserat:

223 785 308 881 άγων
332 785 395 881 γάρ
415 785 536 880 ἄνδρας
556 785 596 860 ου’
617 791 706 877 μένει
725 789 951 876 λελειμμένους
969 829 1008 842 -

54 909 93 974 ie.
116 911 231 975 decens
253 910 441 979 enimoimo
462 931 522 973 non
541 909 708 996 inferiores
731 907 900 974 alacritate
922 945 967 957 —

90 1249 141 1316 Ad
164 1247 291 1314 eandem
318 1250 509 1338 tragoediam
538 1255 615 1316 sunt
647 1250 700 1336 qui
734 1251 869 1318 referent
901 1247 978 1314 duos
1002 1267 1109 1312 versem
1138 1267 1188 1332 ep.

52 1363 150 1428 Schol.
174 1363 253 1430 Ven.
275 1363 323 1429 nd.
345 1365 437 1431 Iliad.
457 1366 508 1447 N,
534 1370 614 1434 198:

220 1471 335 1546 Εἷλκον
353 1471 383 1545 d'
403 1471 468 1544 diem
484 1475 627 1570 λυκηδόν,
649 1471 736 1544 ὥστε
754 1467 889 1546 διπλόοι

220 1581 312 1657 λάκοι
329 1589 444 1682 νέβρον
462 1591 622 1682 φέρουσιν
640 1583 745 1681 ἀμφὶ
765 1585 996 1675 μασχάλαις.

88 1703 156 1772 Alii
188 1705 319 1772 fortume
349 1729 396 1773 me
430 1707 584 1774 feliciores
619 1708 803 1793 interpretes
839 1711 931 1770 erunt
965 1699 1185 1768 vocabulorum

48 1817 242 1904 φέρουσιν
261 1811 367 1908 ἀμφὶ
392 1813 629 1906 μασχάλαις.
652 1821 722 1910 Elgo
745 1821 806 1886 iste
834 1841 896 1885 non
920 1818 1019 1906 magis
1041 1815 1186 1904 intelligo

47 1954 135 2016 quem
158 1934 446 2021 interpretationem
470 1939 630 2003 Latinam:
658 1939 810 2022 auferunt
831 1939 915 2002 circo
948 1934 1073 1999 anillam
1104 1931 1187 1997 Vide

46 2056 144 2113 temen
160 2071 198 2113 nn
220 2051 298 2114 forte
309 2049 343 2130 ἐξ
354 2043 521 2141 ἀμηχάνων
531 2045 636 2140 πόρον
650 2055 820 2120 invenerim
842 2049 1030 2140 suspicando
1046 2051 1079 2115 in
1091 2049 1186 2115 libro·

47 2185 111 2228 rum
139 2165 311 2251 scripturo:
348 2171 984 2238 ΦΕΡΟΥΣΙΝΑΜΦΙΜΛΣΧΑΛΑΙΣ
1008 2166 1187 2232 delitescere

46 2277 182 2345 huncce:
206 2283 859 2368 ΦΕΡΟΥΣΙΓΑΜΦΗΛΑῙΣΚΑΛΗΝ,
893 2281 1017 2347 collatis
1047 2283 1187 2349 versibus

47 2393 241 2472 Homericis,
264 2415 341 2480 quor
360 2397 450 2479 poete
472 2392 625 2459 imitetur.
663 2393 827 2461 Poetarum
852 2404 953 2464 nutem
978 2400 1122 2488 princeps
1144 2399 1186 2474 l.l,

45 2511 86 2575 ite
110 2511 218 2578 canit:

163 2615 249 2704 ’Ώςε
271 2613 321 2689 dd’
342 2611 418 2709 αλγα
440 2619 549 2688 λέοντε
571 2624 671 2689 κυνῶν
691 2617 759 2691 ὕπο
780 2617 1048 2716 καρχαροδόντων

172 2726 360 2824 ἁρπάξαντε
381 2731 525 2824 φέρητον
545 2725 606 2800 άνά
627 2728 759 2826 ῥωπήϊα
779 2729 899 2820 πυκνά,

167 2838 364 2938 άψοῦόπλρ
388 2846 482 2935 γαίης
502 2841 586 2931 μετά
606 2849 864 2939 γαμφηλῇσιν
884 2845 1012 2936 ἔχοντα·

82 2965 185 3033 Unde
206 2963 329 3051 tragico
352 2961 559 3028 reddiderim:

201 3068 293 3146 λάκοι
312 3074 429 3166 νέβρον
450 3073 594 3166 φέρουσι
614 3078 842 3168 γαμφηλαῖς
862 3072 988 3170 καλήν.

77 3423 280 3495 Plutarchus
295 3424 377 3490 Mor.
393 3446 421 3511 p.
441 3423 524 3488 1087
544 3422 578 3488 Il.
597 3424 731 3490 servavit
747 3425 972 3514 fragmentum,
987 3449 1048 3514 qno
1061 3425 1188 3494 Philon·

38 3549 111 3612 tetes
134 3541 242 3613 morbi
266 3541 316 3608 nni
344 3539 500 3628 originem
522 3540 650 3626 exponit
680 3538 765 3607 hunc
785 3541 818 3606 in
843 3541 981 3607 modum:

244 3647 284 3723 od
303 3647 367 3744 γάρ
388 3646 518 3721 δακαλν
538 3648 661 3742 άνῆκεν,
683 3645 753 3720 ἄλλ’
773 3644 921 3740 ἐνῴκισαν

244 3761 350 3858 denno
369 3759 518 3852 ςομαοοόν
538 3761 725 3856 ἔκφυσιν,
746 3759 852 3842 ποδός
870 3758 989 3849 λαβών.

75 3887 135 3952 Vs.
152 3887 175 3952 1
192 3883 309 3970 optime
329 3872 434 3949 dcccclv
454 3903 510 3969 pro
532 3873 660 3972 dodum
679 3905 718 3950 ex
739 3882 864 3970 egregie
877 3881 1052 3970 Hirsohigii
1065 3883 1187 3950 coniec-

36 4009 99 4070 tore
128 3999 282 4070 restitnit
304 3997 469 4067 Nouokius
493 3999 544 4084 (fr.
569 3999 659 4085 248).
684 3998 740 4064 Vs.
757 4001 795 4078 2,
823 4001 856 4067 in
884 4019 945 4084 quo
966 3989 1112 4080 ςομωσόν
1132 4019 1187 4085 pro

36 4109 197 4204 ςομάιων
219 4115 347 4182 detetur
373 4113 618 4193 Valckemerio‚
650 4114 818 4182 videndum
842 4120 903 4194 eet,
926 4136 965 4180 un
981 4133 1037 4200 pro
1053 4106 1188 4202 ἐαφνσα

35 4233 301 4304 substituendum
345 4231 390 4304 stt
419 4226 592 4315 ἔκπνοσιν,
624 4230 882 4316 quemadmodum
915 4227 1106 4314 Aeschylum
1132 4221 1189 4292 τόν

35 4346 282 4438 λξαπυσμλνσν
299 4335 353 4419 ἰόν
371 4348 392 4418 i.
410 4369 437 4415 e.
465 4371 482 4414 ο
504 4348 644 4434 viperino
658 4369 758 4418 morte
776 4369 924 4417 oroma
939 4345 1022 4438 (Oic.
1037 4345 1130 4412 Tunc.
1141 4341 1188 4421 11,
