<?xml version="1.0" encoding="UTF-8"?>
<!DOCTYPE html PUBLIC "-//W3C//DTD XHTML 1.0 Transitional//EN"
    "http://www.w3.org/TR/xhtml1/DTD/xhtml1-transitional.dtd">
<html xmlns="http://www.w3.org/1999/xhtml" xml:lang="en" lang="en">
 <head>
  <title>
</title>
<meta http-equiv="Content-Type" content="text/html;charset=utf-8" />
  <meta name='ocr-system' content='tesseract 3.04.00' />
  <meta name='ocr-capabilities' content='ocr_page ocr_carea ocr_par ocr_line ocrx_word'/>
</head>
<body>
  <div class='ocr_page' id='page_1' title='image "./exercitationesc02herwgoog/exercitationesc02herwgoog_0457.png"; bbox 0 0 2974 5016; ppageno 0'>
   <div class='ocr_carea' id='block_1_1' title="bbox 827 393 889 454">
    <p class='ocr_par' dir='ltr' id='par_1_1' title="bbox 827 393 889 454">
     <span class='ocr_line' id='line_1_1' title="bbox 827 393 889 454; baseline 0.016 -1"><span class='ocrx_word' id='word_1_1' title='bbox 827 393 889 454; x_wconf 79' lang='lat'>182</span> 
     </span>
    </p>
   </div>
   <div class='ocr_carea' id='block_1_2' title="bbox 293 563 1436 1116">
    <p class='ocr_par' dir='ltr' id='par_1_2' title="bbox 293 563 1436 1116">
     <span class='ocr_line' id='line_1_2' title="bbox 299 563 1435 648; baseline -0.001 -19"><span class='ocrx_word' id='word_1_2' title='bbox 299 564 403 630; x_wconf 89' lang='lat' dir='ltr'>barum</span> <span class='ocrx_word' id='word_1_3' title='bbox 424 565 598 630; x_wconf 86' lang='lat' dir='ltr'>erroribus:</span> <span class='ocrx_word' id='word_1_4' title='bbox 622 571 658 632; x_wconf 87' lang='lat' dir='ltr'>ut</span> <span class='ocrx_word' id='word_1_5' title='bbox 681 565 774 630; x_wconf 81' lang='lat' dir='ltr'>verbo</span> <span class='ocrx_word' id='word_1_6' title='bbox 790 565 906 644; x_wconf 90' lang='lat' dir='ltr'>dicam,</span> <span class='ocrx_word' id='word_1_7' title='bbox 928 563 1212 630; x_wconf 86' lang='lat' dir='ltr'>abiectieomnibue</span> <span class='ocrx_word' id='word_1_8' title='bbox 1228 563 1317 642; x_wconf 81' lang='lat' dir='ltr'>ictis,</span> <span class='ocrx_word' id='word_1_9' title='bbox 1346 584 1435 648; x_wconf 89' lang='lat' dir='ltr'>quae</span> 
     </span>
     <span class='ocr_line' id='line_1_3' title="bbox 294 677 1434 767; baseline 0.001 -23"><span class='ocrx_word' id='word_1_10' title='bbox 294 681 431 767; x_wconf 70' lang='lat' dir='ltr'>ignorari</span> <span class='ocrx_word' id='word_1_11' title='bbox 463 703 553 765; x_wconf 88' lang='lat' dir='ltr'>quam</span> <span class='ocrx_word' id='word_1_12' title='bbox 577 683 651 746; x_wconf 83' lang='lat' dir='ltr'>sciri</span> <span class='ocrx_word' id='word_1_13' title='bbox 678 681 791 746; x_wconf 80' lang='lat' dir='ltr'>utilius</span> <span class='ocrx_word' id='word_1_14' title='bbox 817 701 884 745; x_wconf 86' lang='lat' dir='ltr'>esse</span> <span class='ocrx_word' id='word_1_15' title='bbox 903 681 970 744; x_wconf 91' lang='lat' dir='ltr'>iure</span> <span class='ocrx_word' id='word_1_16' title='bbox 996 677 1120 744; x_wconf 85' lang='lat' dir='ltr'>dixeris.</span> <span class='ocrx_word' id='word_1_17' title='bbox 1154 679 1187 743; x_wconf 78' lang='lat' dir='ltr'>ui</span> <span class='ocrx_word' id='word_1_18' title='bbox 1221 679 1292 764; x_wconf 85' lang='lat' dir='ltr'>quie</span> <span class='ocrx_word' id='word_1_19' title='bbox 1324 685 1434 745; x_wconf 83' lang='lat' dir='ltr'>autem</span> 
     </span>
     <span class='ocr_line' id='line_1_4' title="bbox 294 793 1436 882; baseline 0.001 -23"><span class='ocrx_word' id='word_1_20' title='bbox 294 803 397 882; x_wconf 80' lang='lat' dir='ltr'>postea</span> <span class='ocrx_word' id='word_1_21' title='bbox 421 795 577 861; x_wconf 75' lang='lat' dir='ltr'>Pollucem</span> <span class='ocrx_word' id='word_1_22' title='bbox 597 797 736 862; x_wconf 78' lang='lat' dir='ltr'>editurus</span> <span class='ocrx_word' id='word_1_23' title='bbox 767 796 943 862; x_wconf 72' lang='lat' dir='ltr'><strong>accuratius</strong></span> <span class='ocrx_word' id='word_1_24' title='bbox 973 793 1033 859; x_wconf 92' lang='lat' dir='ltr'>boc</span> <span class='ocrx_word' id='word_1_25' title='bbox 1059 795 1263 882; x_wconf 73' lang='lat' dir='ltr'><strong>fragmentum</strong></span> <span class='ocrx_word' id='word_1_26' title='bbox 1293 794 1436 860; x_wconf 83' lang='lat' dir='ltr'>Ambro-</span> 
     </span>
     <span class='ocr_line' id='line_1_5' title="bbox 294 909 1434 1000; baseline 0.001 -24"><span class='ocrx_word' id='word_1_27' title='bbox 294 913 412 977; x_wconf 78' lang='lat' dir='ltr'><strong>sianum</strong></span> <span class='ocrx_word' id='word_1_28' title='bbox 444 935 624 1000; x_wconf 78' lang='lat' dir='ltr'>pernoscere</span> <span class='ocrx_word' id='word_1_29' title='bbox 658 912 889 999; x_wconf 77' lang='lat' dir='ltr'>concupiverit,</span> <span class='ocrx_word' id='word_1_30' title='bbox 927 909 1085 976; x_wconf 87' lang='lat' dir='ltr'>lubeueei</span> <span class='ocrx_word' id='word_1_31' title='bbox 1116 911 1267 997; x_wconf 79' lang='lat' dir='ltr'>integram</span> <span class='ocrx_word' id='word_1_32' title='bbox 1289 913 1434 999; x_wconf 88' lang='lat' dir='ltr'>scriptu-</span> 
     </span>
     <span class='ocr_line' id='line_1_6' title="bbox 293 1027 990 1116; baseline -0.003 -24"><span class='ocrx_word' id='word_1_33' title='bbox 293 1049 394 1092; x_wconf 89' lang='lat' dir='ltr'>rarum</span> <span class='ocrx_word' id='word_1_34' title='bbox 418 1027 657 1114; x_wconf 84' lang='lat' dir='ltr'>discrepantiam</span> <span class='ocrx_word' id='word_1_35' title='bbox 678 1029 796 1116; x_wconf 89' lang='lat' dir='ltr'>petenti</span> <span class='ocrx_word' id='word_1_36' title='bbox 816 1027 990 1094; x_wconf 90' lang='lat' dir='ltr'>concedam.</span> 
     </span>
    </p>
   </div>
   <div class='ocr_carea' id='block_1_3' title="bbox 292 1257 1435 2730">
    <p class='ocr_par' dir='ltr' id='par_1_3' title="bbox 292 1257 1435 2264">
     <span class='ocr_line' id='line_1_7' title="bbox 340 1257 1435 1348; baseline 0.004 -26"><span class='ocrx_word' id='word_1_37' title='bbox 340 1257 373 1342; x_wconf 82' lang='grc'>8)</span> <span class='ocrx_word' id='word_1_38' title='bbox 400 1259 553 1344; x_wconf 84' lang='lat' dir='ltr'>Superant</span> <span class='ocrx_word' id='word_1_39' title='bbox 583 1259 657 1324; x_wconf 84' lang='lat' dir='ltr'>folia</span> <span class='ocrx_word' id='word_1_40' title='bbox 693 1261 735 1325; x_wconf 79' lang='lat'>38</span> <span class='ocrx_word' id='word_1_41' title='bbox 756 1265 787 1324; x_wconf 88' lang='lat' dir='ltr'>et</span> <span class='ocrx_word' id='word_1_42' title='bbox 810 1283 880 1347; x_wconf 87' lang='lat' dir='ltr'>pare</span> <span class='ocrx_word' id='word_1_43' title='bbox 904 1260 1032 1324; x_wconf 89' lang='lat' dir='ltr'>dimidia</span> <span class='ocrx_word' id='word_1_44' title='bbox 1054 1262 1183 1348; x_wconf 79' lang='lat' dir='ltr'>paginae</span> <span class='ocrx_word' id='word_1_45' title='bbox 1205 1260 1316 1336; x_wconf 89' lang='lat' dir='ltr'>unius,</span> <span class='ocrx_word' id='word_1_46' title='bbox 1350 1283 1435 1346; x_wconf 88' lang='lat' dir='ltr'>quae</span> 
     </span>
     <span class='ocr_line' id='line_1_8' title="bbox 295 1364 1433 1462; baseline 0.003 -24"><span class='ocrx_word' id='word_1_47' title='bbox 295 1373 470 1440; x_wconf 77' lang='lat' dir='ltr'>continent:</span> <span class='ocrx_word' id='word_1_48' title='bbox 496 1368 727 1458; x_wconf 76' lang='grc' dir='ltr'><strong><em>Φυσιολογικόν</em></strong></span> <span class='ocrx_word' id='word_1_49' title='bbox 746 1375 805 1461; x_wconf 77' lang='grc' dir='ltr'>τῆς</span> <span class='ocrx_word' id='word_1_50' title='bbox 824 1372 1006 1462; x_wconf 78' lang='grc' dir='ltr'><strong><em>ἐξαημέρου</em></strong></span> <span class='ocrx_word' id='word_1_51' title='bbox 1026 1364 1260 1462; x_wconf 74' lang='grc' dir='ltr'>ἆνεπίγραφον.</span> <span class='ocrx_word' id='word_1_52' title='bbox 1280 1375 1334 1440; x_wconf 78' lang='lat' dir='ltr'>Sic</span> <span class='ocrx_word' id='word_1_53' title='bbox 1344 1377 1433 1441; x_wconf 90' lang='lat' dir='ltr'>euim</span> 
     </span>
     <span class='ocr_line' id='line_1_9' title="bbox 295 1487 1433 1574; baseline 0 -20"><span class='ocrx_word' id='word_1_54' title='bbox 295 1489 478 1554; x_wconf 77' lang='lat' dir='ltr'>inscribitur</span> <span class='ocrx_word' id='word_1_55' title='bbox 501 1489 633 1554; x_wconf 74' lang='lat' dir='ltr'>historio</span> <span class='ocrx_word' id='word_1_56' title='bbox 650 1488 799 1573; x_wconf 87' lang='lat' dir='ltr'>quaedam</span> <span class='ocrx_word' id='word_1_57' title='bbox 820 1489 999 1566; x_wconf 78' lang='lat' dir='ltr'>nataralia,</span> <span class='ocrx_word' id='word_1_58' title='bbox 1022 1509 1099 1574; x_wconf 88' lang='lat' dir='ltr'>opus</span> <span class='ocrx_word' id='word_1_59' title='bbox 1111 1487 1272 1553; x_wconf 89' lang='lat' dir='ltr'>conditum</span> <span class='ocrx_word' id='word_1_60' title='bbox 1286 1511 1302 1553; x_wconf 91' lang='lat' dir='ltr'>a</span> <span class='ocrx_word' id='word_1_61' title='bbox 1318 1489 1433 1556; x_wconf 85' lang='lat' dir='ltr'>Chris-</span> 
     </span>
     <span class='ocr_line' id='line_1_10' title="bbox 295 1602 1432 1690; baseline 0.003 -22"><span class='ocrx_word' id='word_1_62' title='bbox 295 1608 381 1668; x_wconf 90' lang='lat' dir='ltr'>tiano</span> <span class='ocrx_word' id='word_1_63' title='bbox 390 1605 521 1690; x_wconf 88' lang='lat' dir='ltr'>quodam</span> <span class='ocrx_word' id='word_1_64' title='bbox 536 1603 660 1668; x_wconf 90' lang='lat' dir='ltr'>homine</span> <span class='ocrx_word' id='word_1_65' title='bbox 668 1603 854 1690; x_wconf 76' lang='lat' dir='ltr'>(Epiphanio</span> <span class='ocrx_word' id='word_1_66' title='bbox 862 1603 894 1688; x_wconf 75' lang='lat' dir='ltr'>l)</span> <span class='ocrx_word' id='word_1_67' title='bbox 906 1625 942 1668; x_wconf 92' lang='lat' dir='ltr'>eo</span> <span class='ocrx_word' id='word_1_68' title='bbox 953 1602 1094 1678; x_wconf 84' lang='lat' dir='ltr'>coneilio,</span> <span class='ocrx_word' id='word_1_69' title='bbox 1107 1608 1142 1666; x_wconf 88' lang='lat' dir='ltr'>ut</span> <span class='ocrx_word' id='word_1_70' title='bbox 1153 1604 1350 1670; x_wconf 77' lang='lat' dir='ltr'>traditionem</span> <span class='ocrx_word' id='word_1_71' title='bbox 1362 1607 1432 1670; x_wconf 89' lang='lat' dir='ltr'>He-</span> 
     </span>
     <span class='ocr_line' id='line_1_11' title="bbox 296 1717 1431 1804; baseline 0.001 -19"><span class='ocrx_word' id='word_1_72' title='bbox 296 1721 428 1785; x_wconf 86' lang='lat' dir='ltr'>braieam</span> <span class='ocrx_word' id='word_1_73' title='bbox 447 1720 481 1783; x_wconf 91' lang='lat' dir='ltr'>in</span> <span class='ocrx_word' id='word_1_74' title='bbox 498 1719 649 1785; x_wconf 85' lang='lat' dir='ltr'>Genesios</span> <span class='ocrx_word' id='word_1_75' title='bbox 668 1718 823 1804; x_wconf 88' lang='lat' dir='ltr'>principio</span> <span class='ocrx_word' id='word_1_76' title='bbox 839 1718 877 1781; x_wconf 90' lang='lat' dir='ltr'>de</span> <span class='ocrx_word' id='word_1_77' title='bbox 894 1718 1097 1782; x_wconf 72' lang='lat' dir='ltr'>fabricatione</span> <span class='ocrx_word' id='word_1_78' title='bbox 1121 1717 1226 1782; x_wconf 93' lang='lat' dir='ltr'>mundi</span> <span class='ocrx_word' id='word_1_79' title='bbox 1245 1719 1431 1786; x_wconf 79' lang='lat' dir='ltr'>illustraret</span> 
     </span>
     <span class='ocr_line' id='line_1_12' title="bbox 298 1832 1431 1922; baseline 0 -22"><span class='ocrx_word' id='word_1_80' title='bbox 298 1836 451 1921; x_wconf 82' lang='lat' dir='ltr'>Deinceps</span> <span class='ocrx_word' id='word_1_81' title='bbox 474 1841 574 1900; x_wconf 89' lang='lat' dir='ltr'>autem</span> <span class='ocrx_word' id='word_1_82' title='bbox 594 1835 660 1922; x_wconf 83' lang='lat' dir='ltr'>agit</span> <span class='ocrx_word' id='word_1_83' title='bbox 684 1835 721 1898; x_wconf 88' lang='lat' dir='ltr'>de</span> <span class='ocrx_word' id='word_1_84' title='bbox 737 1833 955 1921; x_wconf 85' lang='lat' dir='ltr'>phenomenir,</span> <span class='ocrx_word' id='word_1_85' title='bbox 978 1832 1156 1920; x_wconf 86' lang='lat' dir='ltr'>deplantie,</span> <span class='ocrx_word' id='word_1_86' title='bbox 1180 1833 1218 1898; x_wconf 88' lang='lat' dir='ltr'>de</span> <span class='ocrx_word' id='word_1_87' title='bbox 1233 1835 1431 1900; x_wconf 78' lang='lat' dir='ltr'>animalibus.</span> 
     </span>
     <span class='ocr_line' id='line_1_13' title="bbox 294 1935 1433 2038; baseline -0.002 -22"><span class='ocrx_word' id='word_1_88' title='bbox 294 1952 442 2016; x_wconf 89' lang='lat' dir='ltr'>Initium:</span> <span class='ocrx_word' id='word_1_89' title='bbox 468 1941 600 2038; x_wconf 67' lang='grc' dir='ltr'><em>Κλήμης</em></span> <span class='ocrx_word' id='word_1_90' title='bbox 616 1945 675 2032; x_wconf 78' lang='grc' dir='ltr'>μὲν</span> <span class='ocrx_word' id='word_1_91' title='bbox 692 1935 749 2012; x_wconf 77' lang='grc' dir='ltr'>οὖν</span> <span class='ocrx_word' id='word_1_92' title='bbox 768 1945 822 2012; x_wconf 84' lang='grc' dir='ltr'>καὶ</span> <span class='ocrx_word' id='word_1_93' title='bbox 840 1937 1043 2034; x_wconf 78' lang='grc' dir='ltr'><strong><em>Ἀφρικανός.</em></strong></span> <span class='ocrx_word' id='word_1_94' title='bbox 1063 1948 1166 2014; x_wconf 80' lang='lat' dir='ltr'>Finis:</span> <span class='ocrx_word' id='word_1_95' title='bbox 1183 1947 1433 2033; x_wconf 77' lang='grc' dir='ltr'><em>ἐστοχασμένως</em></span> 
     </span>
     <span class='ocr_line' id='line_1_14' title="bbox 292 2059 1432 2147; baseline -0.003 -18"><span class='ocrx_word' id='word_1_96' title='bbox 292 2063 472 2146; x_wconf 77' lang='grc' dir='ltr'><strong><em>βλέποντος</em></strong></span> <span class='ocrx_word' id='word_1_97' title='bbox 493 2065 636 2130; x_wconf 76' lang='grc' dir='ltr'><strong><em>εἴσεισιν.</em></strong></span> <span class='ocrx_word' id='word_1_98' title='bbox 658 2061 749 2133; x_wconf 77' lang='lat' dir='ltr'>Quod</span> <span class='ocrx_word' id='word_1_99' title='bbox 773 2059 972 2147; x_wconf 88' lang='lat' dir='ltr'>opusculum,</span> <span class='ocrx_word' id='word_1_100' title='bbox 996 2063 1022 2126; x_wconf 91' lang='lat' dir='ltr'>si</span> <span class='ocrx_word' id='word_1_101' title='bbox 1046 2065 1124 2129; x_wconf 85' lang='lat' dir='ltr'>sorte</span> <span class='ocrx_word' id='word_1_102' title='bbox 1147 2063 1280 2128; x_wconf 88' lang='lat' dir='ltr'>noudum</span> <span class='ocrx_word' id='word_1_103' title='bbox 1308 2061 1432 2128; x_wconf 88' lang='lat' dir='ltr'>editum</span> 
     </span>
     <span class='ocr_line' id='line_1_15' title="bbox 296 2179 942 2264; baseline -0.005 -22"><span class='ocrx_word' id='word_1_104' title='bbox 296 2184 362 2254; x_wconf 87' lang='lat' dir='ltr'>est,</span> <span class='ocrx_word' id='word_1_105' title='bbox 387 2179 503 2264; x_wconf 86' lang='lat' dir='ltr'>publici</span> <span class='ocrx_word' id='word_1_106' title='bbox 528 2179 605 2242; x_wconf 90' lang='lat' dir='ltr'>iuris</span> <span class='ocrx_word' id='word_1_107' title='bbox 629 2199 686 2264; x_wconf 86' lang='lat' dir='ltr'>ego</span> <span class='ocrx_word' id='word_1_108' title='bbox 709 2179 847 2242; x_wconf 82' lang='lat' dir='ltr'>facturus</span> <span class='ocrx_word' id='word_1_109' title='bbox 866 2199 942 2241; x_wconf 90' lang='lat' dir='ltr'>sum.</span> 
     </span>
    </p>

    <p class='ocr_par' dir='ltr' id='par_1_4' title="bbox 295 2291 1432 2609">
     <span class='ocr_line' id='line_1_16' title="bbox 341 2291 1432 2380; baseline -0.002 -21"><span class='ocrx_word' id='word_1_110' title='bbox 341 2296 380 2360; x_wconf 92' lang='lat' dir='ltr'>In</span> <span class='ocrx_word' id='word_1_111' title='bbox 405 2295 534 2380; x_wconf 88' lang='lat' dir='ltr'>antiquo</span> <span class='ocrx_word' id='word_1_112' title='bbox 557 2293 678 2371; x_wconf 87' lang='lat' dir='ltr'>iudice,</span> <span class='ocrx_word' id='word_1_113' title='bbox 714 2293 767 2379; x_wconf 92' lang='lat' dir='ltr'>qui</span> <span class='ocrx_word' id='word_1_114' title='bbox 802 2293 942 2379; x_wconf 83' lang='lat' dir='ltr'>ligamini</span> <span class='ocrx_word' id='word_1_115' title='bbox 966 2291 1127 2372; x_wconf 89' lang='lat' dir='ltr'>adhaeret,</span> <span class='ocrx_word' id='word_1_116' title='bbox 1153 2315 1244 2358; x_wconf 91' lang='lat' dir='ltr'>manu</span> <span class='ocrx_word' id='word_1_117' title='bbox 1263 2293 1354 2380; x_wconf 91' lang='lat' dir='ltr'>primi</span> <span class='ocrx_word' id='word_1_118' title='bbox 1381 2293 1432 2358; x_wconf 92' lang='lat' dir='ltr'>bi-</span> 
     </span>
     <span class='ocr_line' id='line_1_17' title="bbox 299 2407 1432 2494; baseline 0 -20"><span class='ocrx_word' id='word_1_119' title='bbox 299 2409 491 2476; x_wconf 85' lang='lat' dir='ltr'>bliothecarii</span> <span class='ocrx_word' id='word_1_120' title='bbox 518 2409 614 2473; x_wconf 85' lang='lat' dir='ltr'>codex</span> <span class='ocrx_word' id='word_1_121' title='bbox 638 2409 687 2474; x_wconf 90' lang='lat' dir='ltr'>hie</span> <span class='ocrx_word' id='word_1_122' title='bbox 712 2407 811 2474; x_wconf 84' lang='lat' dir='ltr'>verbis</span> <span class='ocrx_word' id='word_1_123' title='bbox 832 2407 1037 2474; x_wconf 78' lang='lat' dir='ltr'>describitur:</span> <span class='ocrx_word' id='word_1_124' title='bbox 1064 2411 1163 2474; x_wconf 78' lang='lat' dir='ltr'>Godea</span> <span class='ocrx_word' id='word_1_125' title='bbox 1178 2411 1311 2494; x_wconf 81' lang='lat' dir='ltr'>optimae</span> <span class='ocrx_word' id='word_1_126' title='bbox 1334 2422 1432 2474; x_wconf 79' lang='lat' dir='ltr'>actae</span> 
     </span>
     <span class='ocr_line' id='line_1_18' title="bbox 295 2525 1326 2609; baseline -0.004 -17"><span class='ocrx_word' id='word_1_127' title='bbox 295 2529 445 2592; x_wconf 60' lang='lat' dir='ltr'>sexcenta</span> <span class='ocrx_word' id='word_1_128' title='bbox 467 2527 576 2591; x_wconf 74' lang='lat' dir='ltr'>obdiam</span> <span class='ocrx_word' id='word_1_129' title='bbox 599 2527 692 2590; x_wconf 78' lang='lat' dir='ltr'>anaia</span> <span class='ocrx_word' id='word_1_130' title='bbox 713 2527 857 2608; x_wconf 77' lang='lat' dir='ltr'>scriptur,</span> <span class='ocrx_word' id='word_1_131' title='bbox 888 2525 1014 2590; x_wconf 73' lang='lat' dir='ltr'>Tarenti</span> <span class='ocrx_word' id='word_1_132' title='bbox 1037 2536 1150 2609; x_wconf 80' lang='lat' dir='ltr'>emptae</span> <span class='ocrx_word' id='word_1_133' title='bbox 1177 2549 1205 2590; x_wconf 86' lang='lat' dir='ltr'>c.</span> <span class='ocrx_word' id='word_1_134' title='bbox 1230 2527 1326 2589; x_wconf 88' lang='grc'><strong>1606.</strong></span> 
     </span>
    </p>

    <p class='ocr_par' dir='ltr' id='par_1_5' title="bbox 341 2639 1430 2730">
     <span class='ocr_line' id='line_1_19' title="bbox 341 2639 1430 2730; baseline -0.004 -24"><span class='ocrx_word' id='word_1_135' title='bbox 341 2641 476 2730; x_wconf 83' lang='lat' dir='ltr'>Paginae</span> <span class='ocrx_word' id='word_1_136' title='bbox 511 2641 652 2728; x_wconf 84' lang='lat' dir='ltr'>singulae</span> <span class='ocrx_word' id='word_1_137' title='bbox 687 2640 801 2706; x_wconf 86' lang='lat' dir='ltr'>habeut</span> <span class='ocrx_word' id='word_1_138' title='bbox 832 2661 935 2704; x_wconf 80' lang='lat' dir='ltr'>versus</span> <span class='ocrx_word' id='word_1_139' title='bbox 967 2645 1027 2718; x_wconf 81' lang='lat'>21,</span> <span class='ocrx_word' id='word_1_140' title='bbox 1054 2639 1210 2706; x_wconf 91' lang='lat' dir='ltr'>literarum</span> <span class='ocrx_word' id='word_1_141' title='bbox 1243 2659 1371 2704; x_wconf 90' lang='lat' dir='ltr'>numero</span> <span class='ocrx_word' id='word_1_142' title='bbox 1396 2641 1430 2703; x_wconf 93' lang='lat' dir='ltr'>in</span> 
     </span>
    </p>
   </div>
   <div class='ocr_carea' id='block_1_4' title="bbox 296 2757 1041 2846">
    <p class='ocr_par' dir='ltr' id='par_1_6' title="bbox 296 2757 1041 2846">
     <span class='ocr_line' id='line_1_20' title="bbox 296 2757 1041 2846; baseline -0.003 -24"><span class='ocrx_word' id='word_1_143' title='bbox 296 2758 429 2846; x_wconf 83' lang='lat' dir='ltr'>siugulis</span> <span class='ocrx_word' id='word_1_144' title='bbox 454 2757 591 2824; x_wconf 86' lang='lat' dir='ltr'>versibus</span> <span class='ocrx_word' id='word_1_145' title='bbox 611 2757 747 2820; x_wconf 86' lang='lat' dir='ltr'>variante</span> <span class='ocrx_word' id='word_1_146' title='bbox 770 2757 850 2821; x_wconf 86' lang='lat' dir='ltr'>inter</span> <span class='ocrx_word' id='word_1_147' title='bbox 873 2759 913 2820; x_wconf 80' lang='lat'>23</span> <span class='ocrx_word' id='word_1_148' title='bbox 935 2763 966 2820; x_wconf 91' lang='lat' dir='ltr'>et</span> <span class='ocrx_word' id='word_1_149' title='bbox 990 2759 1041 2820; x_wconf 78' lang='lat' dir='ltr'>tl.</span> 
     </span>
    </p>
   </div>
   <div class='ocr_carea' id='block_1_5' title="bbox 0 0 1492 5016">
    <p class='ocr_par' dir='ltr' id='par_1_7' title="bbox 0 0 1492 5016">
     <span class='ocr_line' id='line_1_21' title="bbox 0 0 1492 5016; baseline 0 1"><span class='ocrx_word' id='word_1_150' title='bbox 0 0 1492 5016; x_wconf 95' lang='lat' dir='ltr'> </span> 
     </span>
    </p>
   </div>
  </div>
 </body>
</html>
