2990 5012
775 455 817 526 20

234 666 320 723 θεῶν
345 655 485 742 βλάπτοι
517 663 548 720 el
573 653 617 720 El.
644 657 706 720 697
731 661 812 722 ὅταν
838 683 886 733 τις
923 667 1009 724 θεῶν
1033 659 1174 742 βλάπτῃ.
1222 653 1356 722 Porsoni

232 789 363 856 pausam
397 789 436 834 no
467 767 539 856 quis
572 769 631 834 lrac
665 769 892 836 emendatione
923 769 1040 837 laesam
1066 767 1138 838 esse
1162 771 1355 850 arbitretur,

232 883 336 950 videat
362 904 445 972 quae
473 882 634 972 disputavi
663 883 701 950 ad
728 881 803 950 Oed.
832 883 908 970 ch.
934 904 964 972 p.
992 887 1067 951 aad.
1116 884 1175 951 Pro
1209 893 1356 973 χώματος

231 1019 277 1064 vs.
301 1001 386 1064 1216
411 997 544 1086 Scyllert
568 998 733 1084 ingeniose
759 1009 790 1064 et
816 1018 890 1066 vere
914 997 1098 1066 emendavit
1123 1017 1295 1086 χάσματος.

276 1113 326 1180 Vs.
354 1117 439 1180 1278
464 1133 552 1200 sqq.:
580 1108 604 1178 ὦ
630 1113 766 1182 δέσποθ’
788 1119 830 1192 ὠς
855 1117 935 1202 ἔχων
960 1143 993 1182 τι
1019 1123 1073 1182 καὶ
1098 1119 1290 1202 κικτημένος

364 1237 403 1296 τά
425 1235 485 1312 μὲν
509 1235 569 1314 πρὸ
595 1239 709 1317 χειρῶν
734 1233 810 1297 τάδε
834 1231 882 1314 φὲ
891 1259 982 1315 ρων,
1010 1237 1050 1296 τὰ
1076 1231 1104 1296 δ’
1129 1236 1163 1296 ἐν
1188 1231 1299 1313 δόμοις

363 1347 471 1422 ἔοικας
496 1353 614 1428 ήκειν
641 1353 708 1411 καὶ
735 1347 818 1432 τάχ’
841 1351 1032 1432 ὄψεσθαι
1058 1354 1153 1410 κακά,

279 1459 354 1534 »Ὧς
379 1478 443 1524 non
468 1477 543 1523 cum
568 1465 695 1537 ἔοικας,
721 1469 756 1524 ut
781 1459 923 1546 postulat
948 1457 1056 1536 Dind,
1076 1458 1132 1526 sed
1156 1479 1230 1524 cum
1250 1457 1359 1546 proxi·

231 1572 291 1638 mis
317 1571 493 1662 participiis
520 1573 739 1660 iungendum:
766 1581 929 1663 tanquam
949 1595 1052 1652 antas,
1070 1575 1129 1662 qui
1150 1573 1194 1640 od
1215 1595 1255 1640 en
1272 1595 1360 1662 paroc

230 1689 345 1768 landet,
370 1690 442 1756 alic
464 1689 675 1779 acqrcisioit.”
700 1687 750 1756 Sic
773 1689 971 1768 rectissime,
998 1701 1033 1756 nt
1053 1689 1189 1768 ridetur,
1208 1687 1358 1778 Seyffert;

230 1803 383 1890 quocirca
407 1823 541 1893 prorsus
565 1824 630 1870 non
654 1803 827 1891 intellego,
859 1826 919 1872 cur
950 1805 1112 1895 improbet
1141 1804 1357 1872 necessariam

230 1917 379 1985 llrunclrii
404 1919 639 1988 correctionem
665 1926 769 2006 φέρεις
794 1941 854 2008 pro
872 1925 987 2006 φέρων.
1015 1921 1151 2009 insuper
1168 1919 1281 2008 procul
1298 1919 1358 1986 du-

229 2033 283 2100 bio
307 2033 477 2122 depravata
503 2047 578 2103 sunt
603 2035 698 2103 verba
722 2040 831 2114 ἔοικας
860 2075 899 2084 -
925 2045 1018 2103 κακά.
1049 2034 1174 2102 Etenim
1197 2033 1356 2102 Graecum

229 2168 294 2214 tlon
325 2159 373 2216 esi
404 2160 469 2233 ήκω
492 2188 535 2198 -
559 2157 704 2238 ὄψεσθαι
738 2170 797 2237 pt'o
830 2157 895 2237 ήκω
923 2189 962 2198 --
986 2155 1145 2238 ὀψόμενος
1171 2150 1238 2218 sive
1260 2153 1355 2224 ἰδεῖν,

230 2283 336 2352 neque
360 2265 537 2332 offensione
562 2275 673 2332 carent
701 2265 832 2332 voculae
856 2273 909 2332 καὶ
928 2277 1022 2352 τάχα,
1044 2265 1097 2332 ubi
1115 2265 1224 2353 potius
1249 2264 1357 2331 dicen·

228 2377 306 2445 dum
332 2378 391 2446 luit
416 2399 501 2446 novo
526 2381 606 2446 mala
633 2379 799 2447 dominum
825 2379 912 2447 domi
937 2399 1077 2447 manere.
1107 2380 1188 2447 Hinc
1212 2379 1357 2447 scriben-

228 2494 304 2561 dunt
331 2513 402 2562 esse
427 2494 567 2563 conieci:

317 2617 358 2679 τὰ
381 2617 439 2695 μὲν
464 2618 524 2696 πρὸ
549 2620 661 2697 χειρῶν
687 2613 762 2678 τάδε
787 2613 945 2696 φέροις,
973 2619 1012 2678 τὰ
1036 2610 1065 2678 δ’
1091 2616 1125 2678 ἐν
1150 2614 1260 2696 δόμοις

317 2729 425 2803 ἔοικας
449 2735 558 2812 ἥκων
584 2725 690 2793 καίν’
715 2735 962 2812 ἐπόψεσθαι
988 2737 1081 2794 κακά.

272 2839 316 2906 lle
340 2838 497 2906 industrie
523 2839 567 2906 sic
593 2839 701 2906 scribo
725 2859 807 2919 non,
826 2859 909 2926 quae
931 2840 1033 2907 lenior
1052 2839 1134 2907 ratio
1151 2851 1216 2919 cst,
1235 2858 1352 2908 καινὰ

227 2956 258 3039 μ’
282 2963 471 3042 ὄψεσθαι
497 2965 567 3021 tum
591 2953 667 3042 quia
692 2962 809 3040 epoptas
829 2965 878 3021 est
902 2955 933 3021 h.
963 2955 981 3021 l.
1002 2955 1236 3044 significantius
1255 2955 1354 3022 verbo

227 3067 380 3159 simplici,
406 3081 474 3137 tum
500 3069 575 3157 quie
601 3089 714 3136 vereor
741 3089 782 3136 ne
806 3069 963 3158 particula
987 3099 1020 3153 με
1048 3069 1080 3138 in
1108 3070 1168 3138 hac
1192 3069 1353 3159 composi-

227 3185 313 3252 tione
338 3185 440 3252 otiosa
466 3185 557 3253 sorel.

270 3301 321 3368 Vs.
349 3305 452 3368 1282:
481 3311 586 3386 μονή
613 3303 752 3387 τέθνηκε
777 3303 867 3368 τοῦδε
892 3311 1122 3386 παμμήτωρ
1146 3315 1258 3386 νεκροῦ
1282 3307 1337 3368 κτὲ

226 3417 323 3485 Recte
343 3416 420 3486 milri
442 3415 550 3484 Nauck
569 3426 758 3506 suspectum
776 3415 894 3481 habero
912 3414 1039 3482 videtur
1055 3429 1251 3501 παμμήτωρ,
1277 3415 1350 3502 quia

224 3531 285 3599 hoc
313 3529 505 3598 adiectivum
531 3541 656 3599 tantum
686 3530 843 3618 significet
872 3543 1004 3600 πάντων
1027 3543 1128 3618 μήτηρ
1154 3531 1205 3614 (cl.
1234 3531 1349 3597 Aesclr.

224 3647 327 3714 Prom.
351 3649 381 3732 9)
401 3668 466 3715 non
487 3656 570 3716 κατὰ
588 3658 696 3717 πάντα
712 3659 826 3735 μήτήρ.
848 3657 882 3713 ut
896 3647 926 3713 ln.
946 3647 963 3712 l.
980 3644 1348 3733 inte1·prcteturSclrol.,

224 3782 331 3850 neque
348 3783 384 3829 ee
401 3762 471 3850 ipso
488 3761 578 3829 notio
595 3762 672 3830 satis
692 3763 876 3840 conveniat,
898 3762 1051 3850 quoniam
1070 3761 1154 3829 haud
1178 3761 1219 3828 sit
1236 3761 1350 3850 utique

224 3877 335 3945 matris
360 3876 504 3944 officium
528 3889 661 3966 propter
684 3877 739 3944 lilii
757 3877 882 3944 obitum
901 3889 1037 3944 mortem
1056 3875 1115 3944 sibi
1134 3876 1349 3944 consciscere.

224 3995 295 4084 lpse
320 3994 458 4062 coniecit
483 4007 657 4081 γεννήτωρ,
685 3993 775 4082 quod
800 3993 840 4060 de
864 3992 999 4060 muliere
1024 3992 1086 4059 dici
1103 4013 1204 4082 posse*
1218 3991 1347 4071 dubita,

223 4108 302 4176 milri
322 4109 355 4176 in
376 4121 517 4176 mentem
531 4107 634 4176 venit:
655 4089 783 4195 μήτήρ
797 4145 840 4156 -
858 4110 1054 4192 δοσμήταρ
1074 4106 1102 4194 (i.
1124 4108 1292 4174 emisero
1316 4145 1348 4154 -

222 4233 354 4310 malet).
402 4225 446 4292 Cf.
472 4226 685 4307 δοοάδελφος,
712 4223 895 4310 drlodapap,
921 4221 1045 4288 similia.

268 4340 320 4407 VS.
348 4343 453 4406 1292:
715 4344 792 4425 όρᾶν
820 4377 861 4386 -
886 4341 945 4405 ἔτι.

268 4456 391 4522 Futuro
423 4456 601 4540 Antigonae
632 4453 749 4522 editori
779 4451 951 4540 diligenter
978 4451 1169 4530 ridendum,
1199 4473 1239 4519 an
1268 4449 1344 4518 tanti

223 4567 376 4658 ponderis
408 4568 449 4636 sit
480 4567 633 4638 Erlurdtii
667 4569 773 4654 (cuius
804 4569 946 4638 rationes
975 4589 1041 4638 non
1064 4565 1243 4658 vilipendo)
1275 4585 1345 4633 sen-
