2944 5002
790 327 831 388 ³6

214 526 250 579 ut
274 536 385 579 monce
408 524 510 578 essent
534 513 567 576 in
591 509 701 577 eodem
725 521 871 599 excerpto
896 531 977 598 quse
1000 509 1149 599 leguntur
1173 535 1216 576 vs.
1244 515 1287 577 24
1306 536 1338 601 p.
1363 517 1399 578 7:

214 633 335 718 ἀνδρεία
358 635 462 700 δὲκαὶ
486 640 593 715 ψυχῆς
618 633 770 716 εὐτολμία
793 633 873 700 πολὺ
894 637 948 698 τοῦ
970 632 1057 698 κατὰ
1087 632 1179 712 λίριον
1214 635 1402 716 ὑπεραίρων,

215 754 271 820 ubi
302 753 513 844 supplendum
544 776 610 820 esse
644 765 774 843 apparet
807 775 824 818 e
854 753 894 818 fr.
928 752 1055 820 XXIX:
1081 760 1137 828 τῆς
1158 753 1238 829 ίδίας
1262 756 1399 832 ἡλιαίας·

214 871 248 948 ἦν
271 875 335 956 sep
356 882 517 948 παντελῶς
538 875 619 952 νέος,
643 897 725 964 quoe
748 876 782 940 ni
805 873 1003 965 adscripseris
1026 873 1114 941 locus
1136 889 1242 943 noster
1264 876 1403 966 intelligi

214 1019 279 1062 nou
299 998 425 1088 poterit.
465 995 587 1083 Quibus
605 995 765 1062 vocubulis
786 1017 842 1060 suo
861 994 932 1061 loco
952 996 1102 1062 restitutis
1122 997 1228 1086 ipsum
1244 997 1325 1064 illud
1347 1021 1404 1065 ex-

214 1131 358 1208 cerptum
389 1121 432 1182 29
464 1117 599 1184 abiicere
629 1117 815 1206 poterimus.
863 1115 912 1182 sd
950 1115 1088 1182 eundem
1121 1117 1251 1185 sortasse
1285 1132 1405 1186 aucto-

215 1261 281 1306 rem
302 1237 519 1318 reiereudum‚
545 1238 630 1327 quod
648 1239 782 1329 legimus
804 1261 837 1328 p.
863 1241 884 1304 8
908 1259 951 1302 rs.
976 1241 1014 1302 7:
1038 1235 1155 1303 τίνοι
1177 1240 1235 1320 μὲν
1257 1247 1405 1324 συνεχεῖς

215 1358 374 1438 ἐγίνοντο,
405 1383 462 1450 pro
492 1359 630 1427 ὀδύναι
653 1360 711 1440 μὲν
734 1361 799 1426 xri.
848 1357 911 1424 Sed
934 1359 1024 1424 initio
1047 1356 1142 1424 huius
1167 1363 1304 1450 excerpti
1327 1383 1405 1451 gre-

215 1493 284 1546 tum
304 1479 383 1546 mihi
395 1481 508 1560 faciet,
533 1482 588 1571 qui
601 1480 810 1571 rescripserit:
836 1475 985 1558 μενοίλην
1007 1479 1171 1554 ἐπεποίητο
1194 1486 1406 1562 παρασκευὴν

216 1601 281 1666 xri.
325 1625 382 1690 pro
427 1600 575 1680 μενοίλην
620 1637 666 1650 -
710 1599 995 1682 παρασκεύασιν,
1038 1599 1305 1688 quemadmodum
1340 1603 1407 1670 'rel

216 1719 335 1810 Scytha
369 1721 505 1789 scribere
538 1722 749 1790 erubesceret.
798 1721 857 1786 vix
892 1720 996 1786 miuus
1030 1719 1202 1788 barbarum
1235 1735 1282 1789 est
1311 1747 1344 1813 p.
1380 1729 1405 1791 8

215 1865 261 1911 rs.
299 1845 357 1908 ll:
391 1844 434 1926 τῷ
463 1842 495 1910 δὲ
522 1843 607 1926 δίμιρ
639 1843 695 1917 την
728 1841 935 1922 δημοκρατίαν
959 1839 1074 1924 ἔφησεν
1096 1841 1246 1908 σίτοδιδί
1254 1867 1318 1908 ναι
1342 1867 1406 1933 pro

216 1962 428 2032 ἁποδιίσειν.

260 2083 354 2150 Initio
389 2085 428 2150 ir.
466 2081 571 2149 XXXI
605 2081 710 2170 (xvu
745 2085 763 2168 §
795 2080 828 2169 I)
858 2082 977 2172 optImo
1008 2083 1139 2148 consilio
1171 2083 1324 2150 IIuliems
1347 2085 1410 2150 sed

216 2205 340 2284 alieno,
360 2205 394 2270 ni
417 2202 529 2281 failor,
554 2202 624 2268 loco
646 2203 777 2269 inseruit
800 2203 1007 2270 necessariam
1022 2203 1211 2293 particulam
1234 2203 1318 2271 isnin
1331 2227 1409 2271 rer-

215 2327 282 2392 bis:
316 2321 361 2391 ίτι
385 2325 439 2390 καί
462 2323 606 2398 Καλλίας
626 2324 641 2388 ί
661 2322 844 2404 Συρακόσιος
864 2323 1045 2396 δικαίοις-
1057 2325 1245 2406 κατηγορίας
1263 2323 1409 2402 ἀξιωθείη

216 2446 295 2535 (ἂν).
342 2445 426 2512 Nam
450 2443 606 2510 Graecum
629 2457 676 2512 cst
697 2444 819 2517 δικαίας
844 2441 909 2534 (ἂν)
934 2445 999 2510 xri.

261 2568 314 2634 I'r.
359 2565 483 2634 XXXII
524 2565 683 2656 (xvl11):
722 2567 779 2632 ὑπο
813 2565 891 2647 γὰρ
926 2572 984 2632 τῶν
1017 2573 1147 2634 πολιτῶν
1185 2569 1249 2634 xri.
1298 2567 1414 2658 Pergit

216 2701 326 2756 auctor
374 2711 520 2768 nurrsre,
557 2710 621 2752 non
657 2685 759 2752 reddit
793 2688 947 2753 rationem
977 2686 1256 2776 praecedentium
1294 2689 1414 2778 itaque

215 2809 403 2900 legendum:
442 2808 501 2874 ὑπὸ
535 2807 574 2873 δὲ
609 2808 691 2884 xri„
726 2808 773 2872 uti
801 2819 885 2874 recte
907 2807 1024 2898 legitur
1046 2808 1143 2886 infr.
1170 2808 1320 2888 XXXIV,
1348 2810 1416 2877 ubi

216 2928 326 2997 eadem
357 2939 535 2993 recurrunt.
586 2925 692 2994 Codex
724 2926 860 2996 Hoesch.
886 2951 973 2994 more
998 2951 1054 2994 suo
1077 2951 1190 2996 monce
1213 2929 1346 3020 praebet
1372 2933 1414 2996 in
1462 2981 1463 2988 ι

214 3051 255 3118 ir.
289 3049 426 3115 XXXVI
459 3047 561 3136 (XXI)
593 3049 703 3128 initio,
736 3050 780 3115 sic
811 3049 877 3116 fere
900 3049 1096 3140 supplenda:
1122 3048 1167 3117 dus
1191 3051 1240 3117 δεῖ
1259 3057 1323 3124 τοῖς
1347 3051 1418 3130 μὲν

214 3171 372 3250 πολεμίοις
404 3165 479 3235 εἶναι
513 3167 737 3258 (οίπιστίτατον
767 3168 838 3257 καί)
869 3169 1106 3254 φοβερώτατον,
1130 3177 1192 3244 τοῖς
1216 3171 1249 3237 δὲ
1272 3171 1418 3254 φιλίοις

213 3289 447 3378 βεβαιίίτατον
471 3289 536 3376 καὶ)
561 3289 813 3371 προσηνέστατον.

600 3469 698 3538 ΑΒΝ.
724 3469 781 3536 ΑΙ)
805 3470 888 3538 LIB.
915 3469 1019 3536 XXII.

259 3655 304 3720 Er
336 3653 447 3720 eodem
475 3650 583 3718 codice
614 3651 807 3742 descriptum
838 3663 885 3718 est
915 3653 954 3717 ir.
989 3651 1025 3730 Ι,
1057 3650 1142 3717 unde
1170 3653 1236 3718 fere
1260 3654 1422 3742 sequitur

213 3797 325 3840 senum
357 3797 420 3838 non
451 3796 528 3839 esse.
579 3773 619 3838 ut
651 3785 737 3840 recte
760 3797 811 3838 me
834 3773 877 3838 ite
902 3771 1091 3838 concludere
1115 3773 1251 3852 ridebis,
1277 3773 1334 3839 ubi
1359 3776 1424 3843 le-

212 3895 312 3986 geris:
344 3890 389 3959 ὅτι
421 3891 550 3974 πσίτριίν
572 3894 638 3958 ἐστι
661 3901 725 3968 τοῖς
745 3892 946 3974 Ἠπειριίταιο
969 3893 1013 3970 μδ
1037 3892 1125 3971 μόνον
1148 3893 1215 3958 ἐπὶ
1241 3901 1297 3969 τῆς
1322 3895 1424 3977 ίδίας

212 4015 356 4098 πατρίδος
389 4013 592 4096 οίνωνίζεσίοιι
628 4015 693 4078 ιιτὲ.
751 4013 852 4078 Immo
886 4033 960 4077 rero
994 4011 1083 4094 περὶ
1116 4021 1171 4088 τῆς
1208 4014 1287 4086 ίδίατ
1318 4021 1428 4102 τοτὲ,

210 4159 284 4204 uem
305 4136 535 4227 praepositione
558 4134 625 4214 περὶ
649 4133 710 4198 hec
733 4134 765 4198 in
790 4157 823 4200 re
846 4134 1025 4223 promiscue
1049 4145 1183 4199 utuntur
1207 4157 1281 4200 cum
1306 4137 1427 4223 ὑπὲρ,

211 4259 301 4324 cuius
324 4269 430 4322 tumen
449 4279 523 4321 usus
542 4268 588 4321 est
610 4255 702 4344 longe
721 4255 928 4342 frequentior.
978 4253 1038 4319 Pro
1059 4255 1290 4342 antiquioribus
1311 4265 1427 4330 testi.

211 4379 354 4444 monium
377 4377 462 4442 dicat
485 4375 709 4464 Aristophanes
732 4377 765 4440 in
791 4375 886 4466 Vesp.
914 4397 957 4440 rs.
984 4379 1069 4440 593:

242 4499 312 4578 οὐχί
336 4498 495 4578 προδώσειν
518 4500 602 4573 ἡμᾶς
625 4496 741 4578 φασίν,
766 4496 852 4576 περὶ
877 4500 930 4562 τοῦ
954 4496 1086 4570 τλιίίοος
1110 4495 1140 4560 δὲ
1163 4500 1356 4579 μαχεῖσθαι.

260 4617 797 4716 Interpretumenturn*expungatur
821 4619 852 4682 in
878 4619 915 4684 Ir.
944 4617 975 4684 II
1000 4641 1042 4682 rs.
1071 4623 1131 4684 33:
1154 4621 1207 4685 καί
1228 4619 1263 4692 δίη
1281 4621 1435 4704 dudan.

91 4892 234 4964 A
