2944 5002
76 529 209 608 ἐκυρίευσε
250 529 317 616 [καί
353 527 469 600 ταύτην
505 525 599 615 εἷλε].
648 528 768 594 Ibidem
804 531 837 592 in
871 529 974 595 medio
1006 529 1070 593 Ierc
1102 539 1246 614 excerpta

77 647 186 714 maliur:
210 649 355 730 πρέσβεις
373 649 565 716 άπέστειλαν
583 651 672 730 περὶ
694 649 861 722 διαλύσεως
881 674 939 740 pro
951 650 1047 730 ὑπὲρ
1068 646 1245 720 διαλύσεως.

111 771 211 860 Iunge
242 770 357 837 diversi
389 771 511 859 generis
547 793 634 836 error
657 771 796 836 maculat
819 771 930 836 ultima
955 769 1108 837 voeabula
1131 769 1245 857 fragm.

77 889 136 956 XVI
158 891 283 978 (VIII):
310 888 579 974 ἐπιφθεγξάμενος
608 887 654 956 θτι
680 893 851 970 συγγνώμιρ
881 890 1027 972 τιμωρίας
1047 887 1248 970 αἱρετώτερα,

76 1009 121 1075 ubi
150 1011 197 1076 rix
234 1033 313 1100 opus
347 1023 394 1076 est
426 1033 556 1076 monere
581 1009 798 1100 reponendum
821 1035 887 1076 esse
910 1011 1128 1093 αἱρετώτερον.
1176 1008 1249 1074 Νοιι

77 1133 158 1220 uagis
180 1153 249 1197 rem
273 1153 421 1197 arcanam
444 1131 569 1220 profero
593 1131 788 1220 perhibendo
811 1132 844 1196 in
867 1132 980 1220 fragm.
1006 1129 1109 1195 XXVI
1139 1152 1182 1196 ss.
1205 1133 1249 1194 34

78 1249 163 1340 (XIV)
194 1252 434 1318 rescribendum
467 1277 553 1319 esse:
587 1252 637 1318 ἐπὶ
662 1252 781 1334 πρώτην
805 1254 859 1327 risu
883 1258 942 1318 τῶν
965 1253 1077 1335 φιλίων
1100 1249 1248 1333 οἱρπαγίρν

76 1373 157 1450 ὁρμάν
178 1395 258 1462 pro:
289 1411 334 1424 --
356 1375 476 1458 φίλων
499 1375 581 1440 κτά-

112 1490 168 1556 Sed
204 1491 368 1582 aliquanto
403 1496 527 1584 gravior
550 1507 597 1560 est
620 1493 819 1584 corruptela,
846 1517 927 1584 quae
951 1491 1164 1584 pessumdedit
1187 1493 1249 1558 iui-

74 1614 141 1676 tium
170 1613 211 1679 ir.
248 1613 324 1679 XIX
360 1613 436 1701 (XII
462 1617 479 1700 §
507 1615 561 1702 1):
588 1615 641 1680 καί
665 1614 846 1697 τῶνφίλων
869 1615 954 1696 αὐτῷ
977 1611 1249 1692 συμβουλευόντων

75 1734 188 1814 σώζειν
222 1731 304 1808 ὅπως
336 1735 410 1801 ποτε
439 1735 568 1802 δύνασαι
594 1735 660 1800 κτὲ.
693 1734 766 1811 ubi,
792 1733 928 1823 quiade
952 1735 1047 1823 ipsius
1071 1731 1251 1824 Lysimachi

76 1855 161 1920 salute
191 1875 296 1920 sermo
329 1867 395 1933 est,
430 1867 485 1920 aut
517 1854 665 1938 σώζεσθαι
690 1868 744 1920 aut
769 1855 904 1942 (ἑαυτὸν)
930 1853 1034 1934 σώζειν
1058 1854 1098 1918 ab
1122 1865 1250 1918 auctore

74 1976 242 2064 profectum
265 1999 331 2042 esse
353 1975 522 2042 contendo.
574 1977 714 2062 Quarum
737 1975 905 2041 lectionem
928 1974 1012 2040 hanc
1034 1975 1100 2041 Ierc
1122 1985 1251 2063 praetu-

76 2096 167 2161 lerim.
216 2096 291 2162 iiior
321 2095 456 2185 legimus
489 2094 627 2162 ibidem:
653 2099 698 2174 μὴ
722 2096 835 2162 δίκαιον
858 2091 934 2161 εἶναι
957 2094 1174 2160 καταλιπόντα
1197 2093 1252 2168 riv

76 2215 192 2296 δύναμιν
224 2217 291 2281 ιιτὲ.
340 2216 428 2300 Quae
460 2215 555 2281 verba
583 2215 764 2304 Lysimachi
788 2216 948 2305 aliquanto
973 2216 1074 2284 acrius
1097 2214 1181 2281 dicta
1203 2236 1252 2279 es-

77 2349 153 2411 seut,
177 2337 203 2401 si
224 2334 433 2402 scriberetur:
456 2336 501 2414 μίρ
523 2335 637 2402 δίκαιον
657 2333 735 2402 εἶναι
760 2337 1032 2415 ἐγκαταλιπόντα
1049 2337 1105 2411 τίον
1126 2335 1253 2414 δύναμιν

76 2456 143 2522 ἰδίαν
166 2455 315 2536 σωτηρίαν
340 2455 476 2537 αἰσχράν
504 2455 689 2538 πορίζεσθαι.
737 2457 878 2523 Verbum
900 2459 985 2524 euIm
1008 2458 1253 2536 ἐγκαταλείπειν

76 2579 227 2666 proprium
262 2589 308 2642 est
343 2575 383 2641 de
417 2577 474 2656 iis,
514 2581 577 2665 qui
612 2577 681 2641 sibi
712 2579 928 2642 consulentes
956 2577 1108 2667 prodite
1143 2599 1253 2640 causa

77 2701 177 2762 εοσῖοε
210 2701 249 2761 in
273 2699 436 2787 periculo
464 2696 673 2762 destituunt.
719 2695 773 2763 Sic
803 2722 833 2763 v.
870 2720 898 2763 c.
932 2710 1038 2764 noster
1059 2697 1183 2762 loeutus
1207 2708 1254 2762 est

76 2819 203 2885 scribens
222 2817 262 2884 dc
281 2817 382 2896 Mario
402 2817 595 2884 XXXVIII:
614 2821 667 2884 18:
691 2818 814 2885 πάντων
833 2821 926 2887 αὐτὸν
945 2817 1252 2898 ἐγκαταλιπόντων,

75 2942 121 3004 καί
140 2939 298 3020 μηδεμίαν
322 2940 471 3020 σωτηρίως
494 2939 558 3004 atta
583 2941 711 3022 καθορῶν
736 2943 802 3008 κτὲ.

113 3061 249 3126 Facilius
280 3060 420 3149 aliquem
450 3059 559 3126 fallere
590 3062 710 3150 possint
733 3062 766 3126 in
789 3063 829 3127 ir.
856 3061 931 3127 XXI
955 3085 999 3128 rs.
1027 3067 1047 3127 3
1073 3060 1148 3146 (Xil
1172 3063 1190 3145 ὅ
1218 3061 1251 3150 3)

75 3181 180 3247 rerba:
215 3184 229 3246 i
260 3183 316 3260 μὲν
341 3183 557 3264 Δρομιχαίτνρς
580 3219 626 3231 --
648 3180 767 3259 ἐδίδαξε
790 3183 860 3256 τοὺς
884 3183 1077 3264 στρατιώτας
1100 3179 1146 3248 θτι
1170 3206 1254 3261 συμ·

75 3303 153 3384 φέρει
172 3309 296 3369 σῶσαι
319 3304 372 3368 τὸν
395 3300 500 3384 άνδρα·
525 3302 729 3384 άναιρεθθντος
753 3303 816 3385 γάρ
829 3305 894 3370 ari.
921 3303 1069 3370 Attamen
1094 3327 1130 3369 ex
1154 3328 1253 3394 oppo-

76 3425 133 3488 sitis
153 3435 283 3516 apparet
304 3446 368 3488 nou
380 3423 524 3490 sufficere
536 3424 668 3490 uerbum
681 3425 811 3515 simplex
823 3424 877 3491 sed
897 3425 1015 3514 requiri
1036 3431 1253 3506 περισῶσαι.

75 3547 93 3608 i.
116 3569 143 3610 e.
166 3567 376 3611 conservare
399 3549 438 3608 iu
461 3549 555 3623 cita,
580 3545 669 3611 cuius
689 3545 776 3612 uerbi
795 3547 984 3634 praepositio
996 3545 1149 3611 vocabulo
1161 3569 1254 3634 prae·

76 3665 194 3732 cedenti
219 3665 366 3754 absorpta
389 3687 454 3730 esse
482 3664 616 3731 uidetur.

114 3788 192 3871 Quis
224 3785 333 3852 credat
365 3785 483 3851 Graece
506 3784 568 3850 dici
588 3809 696 3874 posse:
724 3787 888 3863 ἐπιστολὴν
910 3785 1045 3870 γράφειν
1069 3787 1135 3852 ε’πί
1157 3791 1253 3854 aava?

26 3979 27 4008 ᾖ
74 3905 220 3973 Attamen
242 3908 287 3972 sic
312 3907 463 3996 scriptum
487 3906 612 3972 iureuio
634 3907 667 3970 iu
691 3905 729 3970 ir.
753 3905 893 3972 XXVIII
917 3905 1006 3990 (XVI
1027 3911 1044 3992 §
1068 3907 1100 3995 3)
1121 3931 1166 3972 rs.
1189 3914 1253 3976 30:

73 4028 200 4110 γράψας
224 4029 388 4104 ἐπιστολὴν
413 4029 480 4092 ἐπὶ
505 4023 556 4094 Ιτθν
579 4027 793 4109 Ἀρχάγαθον.
842 4027 876 4094 Si
902 4028 993 4095 licui:
1020 4029 1153 4096 indoctis
1177 4032 1255 4097 seri·

74 4147 114 4212 bis
136 4151 182 4215 ita
207 4172 360 4239 peccare,
385 4161 528 4214 nostrum
550 4161 597 4214 est
616 4148 690 4212 talia
715 4149 890 4238 corrigere,
915 4150 1022 4238 itaque
1047 4173 1251 4240 reponemus:

71 4271 163 4348 πρὸς
186 4273 241 4338 τὸν
263 4267 486 4352 Ἀρχάγαθον,
509 4283 541 4334 et
564 4269 596 4334 iu
621 4269 754 4334 uicinia:
782 4269 896 4350 πεζάς
920 4271 973 4334 καὶ
998 4271 1145 4344 ναυτικάς
1165 4270 1256 4336 δυνά-

70 4413 134 4464 μεις
167 4415 226 4482 pro
254 4390 413 4473 πεζικάς
444 4391 509 4456 ari.
558 4389 606 4456 Ib.
638 4413 711 4478 pag.
743 4413 809 4478 seq.
843 4413 888 4455 τε.
925 4395 965 4455 16
996 4392 1111 4457 inserta
1143 4393 1255 4457 rocula

71 4514 245 4579 necessaria
269 4510 490 4576 scribendum:
514 4512 710 4589 Ἀγαθοκλῆς
733 4511 790 4588 μὲν
817 4507 890 4597 (οὖν)
916 4511 1080 4582 πλείστους
1104 4511 1170 4577 ari.

26 4687 27 4712 ρ
112 4633 345 4724 Epitomatoris
369 4631 525 4710 nifallor,
546 4632 765 4698 homuncionis
777 4628 994 4719 stupIdissimi,
1016 4629 1110 4718 culpa
1124 4633 1254 4708 accidit,

997 4751 1013 4797 5
1025 4745 1038 4777 1
