<?xml version="1.0" encoding="UTF-8"?>
<!DOCTYPE html PUBLIC "-//W3C//DTD XHTML 1.0 Transitional//EN"
    "http://www.w3.org/TR/xhtml1/DTD/xhtml1-transitional.dtd">
<html xmlns="http://www.w3.org/1999/xhtml" xml:lang="en" lang="en">
 <head>
  <title>
</title>
<meta http-equiv="Content-Type" content="text/html;charset=utf-8" />
  <meta name='ocr-system' content='tesseract 3.04.00' />
  <meta name='ocr-capabilities' content='ocr_page ocr_carea ocr_par ocr_line ocrx_word'/>
</head>
<body>
  <div class='ocr_page' id='page_1' title='image "./exercitationesc02herwgoog/exercitationesc02herwgoog_0526.png"; bbox 0 0 2990 5012; ppageno 0'>
   <div class='ocr_carea' id='block_1_1' title="bbox 685 498 728 564">
    <p class='ocr_par' dir='ltr' id='par_1_1' title="bbox 685 498 728 564">
     <span class='ocr_line' id='line_1_1' title="bbox 685 498 728 564; baseline 0.047 -2"><span class='ocrx_word' id='word_1_1' title='bbox 685 498 728 564; x_wconf 80' lang='lat' dir='ltr'><strong><em>ot</em></strong></span> 
     </span>
    </p>
   </div>
   <div class='ocr_carea' id='block_1_2' title="bbox 148 682 1273 1452">
    <p class='ocr_par' dir='ltr' id='par_1_2' title="bbox 148 682 1273 1452">
     <span class='ocr_line' id='line_1_2' title="bbox 328 682 1108 772; baseline 0.006 -26"><span class='ocrx_word' id='word_1_2' title='bbox 328 683 364 746; x_wconf 86' lang='grc' dir='ltr'><strong><em>τὸ</em></strong></span> <span class='ocrx_word' id='word_1_3' title='bbox 389 685 493 749; x_wconf 81' lang='grc' dir='ltr'><strong><em>ταῦτα</em></strong></span> <span class='ocrx_word' id='word_1_4' title='bbox 518 682 632 769; x_wconf 80' lang='grc' dir='ltr'><strong><em>διορᾶν</em></strong></span> <span class='ocrx_word' id='word_1_5' title='bbox 657 683 746 750; x_wconf 75' lang='grc' dir='ltr'><strong><em>ἐστιν</em></strong></span> <span class='ocrx_word' id='word_1_6' title='bbox 772 683 953 768; x_wconf 75' lang='grc' dir='ltr'><strong><em>εὐφυοῦς</em></strong></span> <span class='ocrx_word' id='word_1_7' title='bbox 977 683 1108 772; x_wconf 76' lang='grc' dir='ltr'><strong><em>τέχνης,</em></strong></span> 
     </span>
     <span class='ocr_line' id='line_1_3' title="bbox 148 795 1273 881; baseline 0.001 -17"><span class='ocrx_word' id='word_1_8' title='bbox 148 795 416 881; x_wconf 81' lang='lat' dir='ltr'><strong>quemadmodum</strong></span> <span class='ocrx_word' id='word_1_9' title='bbox 446 821 476 866; x_wconf 85' lang='lat' dir='ltr'><strong><em>v.</em></strong></span> <span class='ocrx_word' id='word_1_10' title='bbox 507 819 534 865; x_wconf 90' lang='lat' dir='ltr'><strong><em>c.</em></strong></span> <span class='ocrx_word' id='word_1_11' title='bbox 558 799 708 866; x_wconf 82' lang='lat' dir='ltr'><strong>Alexis</strong></span> <span class='ocrx_word' id='word_1_12' title='bbox 729 800 853 868; x_wconf 89' lang='lat' dir='ltr'><strong>locutus</strong></span> <span class='ocrx_word' id='word_1_13' title='bbox 876 799 980 868; x_wconf 90' lang='lat' dir='ltr'><strong>estin</strong></span> <span class='ocrx_word' id='word_1_14' title='bbox 1003 801 1273 865; x_wconf 85' lang='grc' dir='ltr'><em>ΑΣΚΛΗΠΙΟ-</em></span> 
     </span>
     <span class='ocr_line' id='line_1_4' title="bbox 148 913 719 1000; baseline 0.007 -26"><span class='ocrx_word' id='word_1_15' title='bbox 148 915 358 975; x_wconf 83' lang='grc' dir='ltr'><em>ΚΛΕΙΛΗΙ</em></span> <span class='ocrx_word' id='word_1_16' title='bbox 381 913 456 994; x_wconf 86' lang='lat' dir='ltr'><strong>(vol.</strong></span> <span class='ocrx_word' id='word_1_17' title='bbox 480 913 541 978; x_wconf 87' lang='lat' dir='ltr'><strong><em>IH.</em></strong></span> <span class='ocrx_word' id='word_1_18' title='bbox 564 925 595 998; x_wconf 88' lang='lat' dir='ltr'><strong><em>p&#39;.</em></strong></span> <span class='ocrx_word' id='word_1_19' title='bbox 621 913 719 1000; x_wconf 76' lang='lat' dir='ltr'><strong>394t:</strong></span> 
     </span>
     <span class='ocr_line' id='line_1_5' title="bbox 507 1024 1063 1111; baseline 0.007 -23"><span class='ocrx_word' id='word_1_20' title='bbox 507 1027 618 1101; x_wconf 81' lang='grc' dir='ltr'><strong><em>Οὕτως</em></strong></span> <span class='ocrx_word' id='word_1_21' title='bbox 643 1024 674 1089; x_wconf 76' lang='grc' dir='ltr'><strong><em>δ’</em></strong></span> <span class='ocrx_word' id='word_1_22' title='bbox 697 1025 873 1111; x_wconf 78' lang='grc' dir='ltr'>ὀψοποιεῖν</span> <span class='ocrx_word' id='word_1_23' title='bbox 898 1026 1063 1111; x_wconf 79' lang='grc' dir='ltr'><em>εὐφυῶς</em></span> 
     </span>
     <span class='ocr_line' id='line_1_6' title="bbox 284 1137 1128 1224; baseline 0.004 -21"><span class='ocrx_word' id='word_1_24' title='bbox 284 1142 356 1224; x_wconf 78' lang='grc' dir='ltr'><strong><em>περὶ</em></strong></span> <span class='ocrx_word' id='word_1_25' title='bbox 381 1144 441 1221; x_wconf 79' lang='grc' dir='ltr'><strong><em>τὴν</em></strong></span> <span class='ocrx_word' id='word_1_26' title='bbox 466 1137 629 1206; x_wconf 73' lang='grc' dir='ltr'><strong><em>Σικελίαν</em></strong></span> <span class='ocrx_word' id='word_1_27' title='bbox 654 1138 753 1214; x_wconf 80' lang='grc' dir='ltr'><strong><em>αὐτὸς</em></strong></span> <span class='ocrx_word' id='word_1_28' title='bbox 778 1139 921 1224; x_wconf 75' lang='grc' dir='ltr'><strong><em>ἔμαθον,</em></strong></span> <span class='ocrx_word' id='word_1_29' title='bbox 948 1141 1028 1206; x_wconf 83' lang='grc' dir='ltr'><strong><em>ὥστε</em></strong></span> <span class='ocrx_word' id='word_1_30' title='bbox 1054 1143 1128 1218; x_wconf 79' lang='grc' dir='ltr'><strong><em>τούς</em></strong></span> 
     </span>
     <span class='ocr_line' id='line_1_7' title="bbox 284 1252 1088 1342; baseline 0.006 -26"><span class='ocrx_word' id='word_1_31' title='bbox 284 1252 502 1329; x_wconf 71' lang='grc' dir='ltr'><strong><em>δειπνοῦντας</em></strong></span> <span class='ocrx_word' id='word_1_32' title='bbox 527 1255 573 1328; x_wconf 80' lang='grc' dir='ltr'><strong><em>εἷς</em></strong></span> <span class='ocrx_word' id='word_1_33' title='bbox 597 1255 638 1318; x_wconf 81' lang='grc' dir='ltr'><strong><em>τὰ</em></strong></span> <span class='ocrx_word' id='word_1_34' title='bbox 662 1254 796 1339; x_wconf 80' lang='grc' dir='ltr'><strong><em>βατάνι’</em></strong></span> <span class='ocrx_word' id='word_1_35' title='bbox 822 1253 979 1342; x_wconf 76' lang='grc' dir='ltr'><strong><em>ἐμβαλεῖν</em></strong></span> <span class='ocrx_word' id='word_1_36' title='bbox 1003 1261 1088 1322; x_wconf 83' lang='grc' dir='ltr'><strong><em>ποιῶ</em></strong></span> 
     </span>
     <span class='ocr_line' id='line_1_8' title="bbox 284 1365 975 1452; baseline 0.004 -23"><span class='ocrx_word' id='word_1_37' title='bbox 284 1367 389 1433; x_wconf 79' lang='grc' dir='ltr'><strong><em>ἐνίοτε</em></strong></span> <span class='ocrx_word' id='word_1_38' title='bbox 414 1368 489 1443; x_wconf 83' lang='grc' dir='ltr'><strong><em>τούς</em></strong></span> <span class='ocrx_word' id='word_1_39' title='bbox 513 1365 653 1442; x_wconf 75' lang='grc' dir='ltr'><strong><em>ὀδόντας</em></strong></span> <span class='ocrx_word' id='word_1_40' title='bbox 677 1367 739 1434; x_wconf 79' lang='grc' dir='ltr'><strong><em>ὑπὸ</em></strong></span> <span class='ocrx_word' id='word_1_41' title='bbox 763 1375 821 1451; x_wconf 89' lang='grc' dir='ltr'><strong><em>τῆς</em></strong></span> <span class='ocrx_word' id='word_1_42' title='bbox 844 1368 975 1452; x_wconf 84' lang='grc' dir='ltr'><strong><em>ῆδονῆς.</em></strong></span> 
     </span>
    </p>
   </div>
   <div class='ocr_carea' id='block_1_3' title="bbox 147 1594 1273 2473">
    <p class='ocr_par' dir='ltr' id='par_1_3' title="bbox 147 1594 1273 2473">
     <span class='ocr_line' id='line_1_9' title="bbox 193 1594 923 1679; baseline 0 -19"><span class='ocrx_word' id='word_1_43' title='bbox 193 1595 272 1679; x_wconf 84' lang='lat' dir='ltr'><strong>Pag.</strong></span> <span class='ocrx_word' id='word_1_44' title='bbox 296 1594 372 1662; x_wconf 81' lang='lat'><strong>583.</strong></span> <span class='ocrx_word' id='word_1_45' title='bbox 397 1594 641 1662; x_wconf 77' lang='lat' dir='ltr'><strong>Nicomachi</strong></span> <span class='ocrx_word' id='word_1_46' title='bbox 664 1596 923 1660; x_wconf 81' lang='grc' dir='ltr'><strong><em>ΕΙΛΕΙΘΤΙΑ.</em></strong></span> 
     </span>
     <span class='ocr_line' id='line_1_10' title="bbox 148 1706 1127 1793; baseline -0.003 -18"><span class='ocrx_word' id='word_1_47' title='bbox 148 1727 197 1775; x_wconf 81' lang='lat' dir='ltr'><strong>vlt.</strong></span> <span class='ocrx_word' id='word_1_48' title='bbox 224 1710 276 1774; x_wconf 90' lang='grc'><strong><em>11.</em></strong></span> <span class='ocrx_word' id='word_1_49' title='bbox 300 1711 318 1772; x_wconf 88' lang='grc' dir='ltr'>ό</span> <span class='ocrx_word' id='word_1_50' title='bbox 339 1712 491 1792; x_wconf 81' lang='grc' dir='ltr'><strong><em>μάγειρός</em></strong></span> <span class='ocrx_word' id='word_1_51' title='bbox 517 1707 588 1771; x_wconf 76' lang='grc' dir='ltr'><strong><em>ἐσθ’</em></strong></span> <span class='ocrx_word' id='word_1_52' title='bbox 612 1711 631 1771; x_wconf 84' lang='lat' dir='ltr'><strong><em>o‘</em></strong></span> <span class='ocrx_word' id='word_1_53' title='bbox 652 1706 822 1784; x_wconf 80' lang='grc' dir='ltr'><strong><em>τέλειος</em></strong></span> <span class='ocrx_word' id='word_1_54' title='bbox 846 1707 941 1793; x_wconf 75' lang='grc' dir='ltr'><strong><em>ἑτέρα</em></strong></span> <span class='ocrx_word' id='word_1_55' title='bbox 965 1707 1127 1784; x_wconf 71' lang='grc' dir='ltr'><strong><em>διάθεσις.</em></strong></span> 
     </span>
     <span class='ocr_line' id='line_1_11' title="bbox 193 1821 1273 1909; baseline 0.005 -23"><span class='ocrx_word' id='word_1_56' title='bbox 193 1822 370 1889; x_wconf 87' lang='lat' dir='ltr'><strong>Atticorum</strong></span> <span class='ocrx_word' id='word_1_57' title='bbox 392 1821 548 1889; x_wconf 83' lang='lat' dir='ltr'><strong>dialectos</strong></span> <span class='ocrx_word' id='word_1_58' title='bbox 569 1824 724 1909; x_wconf 85' lang='lat' dir='ltr'><strong>postulat,</strong></span> <span class='ocrx_word' id='word_1_59' title='bbox 749 1829 885 1891; x_wconf 86' lang='lat' dir='ltr'><strong>metrum</strong></span> <span class='ocrx_word' id='word_1_60' title='bbox 903 1822 1040 1890; x_wconf 80' lang='lat' dir='ltr'><strong>admittit</strong></span> <span class='ocrx_word' id='word_1_61' title='bbox 1059 1821 1179 1898; x_wconf 79' lang='grc' dir='ltr'><strong><em>τέλεος.</em></strong></span> <span class='ocrx_word' id='word_1_62' title='bbox 1195 1823 1273 1891; x_wconf 80' lang='lat' dir='ltr'><strong>Gra·</strong></span> 
     </span>
     <span class='ocr_line' id='line_1_12' title="bbox 147 1934 589 2020; baseline 0 -18"><span class='ocrx_word' id='word_1_63' title='bbox 147 1934 220 2002; x_wconf 84' lang='lat' dir='ltr'><strong>vius</strong></span> <span class='ocrx_word' id='word_1_64' title='bbox 241 1935 386 2002; x_wconf 79' lang='lat' dir='ltr'><strong>laborant</strong></span> <span class='ocrx_word' id='word_1_65' title='bbox 408 1937 589 2020; x_wconf 84' lang='lat' dir='ltr'><strong>sequentia:</strong></span> 
     </span>
     <span class='ocr_line' id='line_1_13' title="bbox 282 2046 1065 2136; baseline 0.003 -24"><span class='ocrx_word' id='word_1_66' title='bbox 282 2046 407 2124; x_wconf 84' lang='grc' dir='ltr'><strong><em>πολλὰς</em></strong></span> <span class='ocrx_word' id='word_1_67' title='bbox 431 2047 550 2134; x_wconf 80' lang='grc' dir='ltr'><strong><em>τέχνας</em></strong></span> <span class='ocrx_word' id='word_1_68' title='bbox 576 2047 691 2136; x_wconf 77' lang='grc' dir='ltr'><strong><em>λάβοις</em></strong></span> <span class='ocrx_word' id='word_1_69' title='bbox 714 2052 757 2114; x_wconf 83' lang='grc' dir='ltr'><strong><em>διν</em></strong></span> <span class='ocrx_word' id='word_1_70' title='bbox 784 2048 937 2126; x_wconf 71' lang='grc' dir='ltr'><strong><em>ἓνδόξονς</em></strong></span> <span class='ocrx_word' id='word_1_71' title='bbox 962 2057 1065 2131; x_wconf 82' lang='grc' dir='ltr'><strong><em>πάνυ,</em></strong></span> 
     </span>
     <span class='ocr_line' id='line_1_14' title="bbox 285 2147 1083 2249; baseline 0.001 -24"><span class='ocrx_word' id='word_1_72' title='bbox 285 2147 332 2227; x_wconf 81' lang='grc' dir='ltr'><strong><em>ὧν</em></strong></span> <span class='ocrx_word' id='word_1_73' title='bbox 357 2165 415 2226; x_wconf 90' lang='grc' dir='ltr'><strong><em>τὸν</em></strong></span> <span class='ocrx_word' id='word_1_74' title='bbox 439 2169 562 2244; x_wconf 79' lang='grc' dir='ltr'><strong><em>μαθεῖν</em></strong></span> <span class='ocrx_word' id='word_1_75' title='bbox 588 2160 789 2248; x_wconf 81' lang='grc' dir='ltr'><strong><em>βουλόμενον</em></strong></span> <span class='ocrx_word' id='word_1_76' title='bbox 814 2163 924 2249; x_wconf 76' lang='grc' dir='ltr'><strong><em>ὀρθῶς</em></strong></span> <span class='ocrx_word' id='word_1_77' title='bbox 949 2163 1007 2229; x_wconf 83' lang='grc' dir='ltr'><strong><em>οὐκ</em></strong></span> <span class='ocrx_word' id='word_1_78' title='bbox 1033 2163 1083 2230; x_wconf 72' lang='grc' dir='ltr'><strong><em>ἔνι</em></strong></span> 
     </span>
     <span class='ocr_line' id='line_1_15' title="bbox 283 2273 1147 2364; baseline 0.002 -25"><span class='ocrx_word' id='word_1_79' title='bbox 283 2281 422 2350; x_wconf 70' lang='grc' dir='ltr'><strong><em>ταύταις</em></strong></span> <span class='ocrx_word' id='word_1_80' title='bbox 444 2273 642 2360; x_wconf 74' lang='grc' dir='ltr'><strong><em>προσελθεῖν</em></strong></span> <span class='ocrx_word' id='word_1_81' title='bbox 668 2275 779 2355; x_wconf 67' lang='grc' dir='ltr'><strong><em>εὐθύς·</em></strong></span> <span class='ocrx_word' id='word_1_82' title='bbox 804 2276 877 2343; x_wconf 77' lang='grc' dir='ltr'><strong><em>ἀλλ’</em></strong></span> <span class='ocrx_word' id='word_1_83' title='bbox 904 2277 1068 2364; x_wconf 71' lang='grc' dir='ltr'><strong><em>ἔμπροσθε</em></strong></span> <span class='ocrx_word' id='word_1_84' title='bbox 1094 2277 1147 2344; x_wconf 86' lang='grc' dir='ltr'><strong><em>δεῖ</em></strong></span> 
     </span>
     <span class='ocr_line' id='line_1_16' title="bbox 287 2379 616 2473; baseline -0.003 -19"><span class='ocrx_word' id='word_1_85' title='bbox 287 2389 474 2473; x_wconf 76' lang='grc' dir='ltr'><strong><em>ζωγραφίας</em></strong></span> <span class='ocrx_word' id='word_1_86' title='bbox 496 2379 616 2472; x_wconf 75' lang='grc' dir='ltr'><strong><em>ῆφδαι.</em></strong></span> 
     </span>
    </p>
   </div>
   <div class='ocr_carea' id='block_1_4' title="bbox 148 2485 1275 2934">
    <p class='ocr_par' dir='ltr' id='par_1_4' title="bbox 148 2485 1275 2934">
     <span class='ocr_line' id='line_1_17' title="bbox 197 2485 1274 2590; baseline 0 -20"><span class='ocrx_word' id='word_1_87' title='bbox 197 2502 323 2590; x_wconf 85' lang='lat' dir='ltr'><strong>Optime</strong></span> <span class='ocrx_word' id='word_1_88' title='bbox 345 2505 389 2570; x_wconf 87' lang='grc' dir='ltr'><strong><em>Μ.</em></strong></span> <span class='ocrx_word' id='word_1_89' title='bbox 412 2504 571 2571; x_wconf 78' lang='lat' dir='ltr'><strong>intellexit</strong></span> <span class='ocrx_word' id='word_1_90' title='bbox 593 2505 675 2571; x_wconf 86' lang='lat' dir='ltr'><strong>inter</strong></span> <span class='ocrx_word' id='word_1_91' title='bbox 697 2523 744 2572; x_wconf 88' lang='lat' dir='ltr'><strong><em>vs.</em></strong></span> <span class='ocrx_word' id='word_1_92' title='bbox 770 2485 818 2572; x_wconf 76' lang='lat'><strong><em>14‘</em></strong></span> <span class='ocrx_word' id='word_1_93' title='bbox 834 2513 867 2573; x_wconf 91' lang='lat' dir='ltr'><strong><em>et</em></strong></span> <span class='ocrx_word' id='word_1_94' title='bbox 890 2505 1051 2572; x_wconf 77' lang='lat' dir='ltr'><strong>rounam</strong></span> <span class='ocrx_word' id='word_1_95' title='bbox 1074 2507 1187 2573; x_wconf 89' lang='lat' dir='ltr'><strong>saltem</strong></span> <span class='ocrx_word' id='word_1_96' title='bbox 1206 2525 1274 2574; x_wconf 84' lang='lat' dir='ltr'><strong>ver-</strong></span> 
     </span>
     <span class='ocr_line' id='line_1_18' title="bbox 149 2615 1275 2703; baseline 0.002 -19"><span class='ocrx_word' id='word_1_97' title='bbox 149 2638 221 2685; x_wconf 89' lang='lat' dir='ltr'><strong><em>sum</em></strong></span> <span class='ocrx_word' id='word_1_98' title='bbox 254 2615 467 2702; x_wconf 83' lang='lat' dir='ltr'><strong>intercidisse,</strong></span> <span class='ocrx_word' id='word_1_99' title='bbox 504 2619 559 2703; x_wconf 86' lang='lat' dir='ltr'><strong><em>qui</em></strong></span> <span class='ocrx_word' id='word_1_100' title='bbox 589 2617 778 2685; x_wconf 86' lang='lat' dir='ltr'><strong>continuerit</strong></span> <span class='ocrx_word' id='word_1_101' title='bbox 807 2618 876 2686; x_wconf 87' lang='lat' dir='ltr'><strong>eius</strong></span> <span class='ocrx_word' id='word_1_102' title='bbox 904 2620 981 2686; x_wconf 87' lang='lat' dir='ltr'><strong>ortis</strong></span> <span class='ocrx_word' id='word_1_103' title='bbox 1011 2619 1204 2686; x_wconf 86' lang='lat' dir='ltr'><strong>mentionem</strong></span> <span class='ocrx_word' id='word_1_104' title='bbox 1233 2619 1275 2686; x_wconf 88' lang='lat' dir='ltr'><strong><em>ad</em></strong></span> 
     </span>
     <span class='ocr_line' id='line_1_19' title="bbox 148 2731 1273 2820; baseline 0.003 -23"><span class='ocrx_word' id='word_1_105' title='bbox 148 2751 246 2815; x_wconf 89' lang='lat' dir='ltr'><strong>quam</strong></span> <span class='ocrx_word' id='word_1_106' title='bbox 271 2731 421 2818; x_wconf 79' lang='lat' dir='ltr'><strong>pictoria</strong></span> <span class='ocrx_word' id='word_1_107' title='bbox 452 2751 531 2818; x_wconf 88' lang='lat' dir='ltr'><strong>opus</strong></span> <span class='ocrx_word' id='word_1_108' title='bbox 561 2751 632 2800; x_wconf 89' lang='lat' dir='ltr'><strong>esse</strong></span> <span class='ocrx_word' id='word_1_109' title='bbox 662 2731 787 2798; x_wconf 85' lang='lat' dir='ltr'><strong>dixerat</strong></span> <span class='ocrx_word' id='word_1_110' title='bbox 816 2739 919 2820; x_wconf 89' lang='lat' dir='ltr'><strong>poeta.</strong></span> <span class='ocrx_word' id='word_1_111' title='bbox 947 2733 996 2799; x_wconf 86' lang='lat' dir='ltr'><strong><em>Ea</em></strong></span> <span class='ocrx_word' id='word_1_112' title='bbox 1018 2752 1094 2801; x_wconf 89' lang='lat' dir='ltr'><strong>vcro</strong></span> <span class='ocrx_word' id='word_1_113' title='bbox 1115 2753 1168 2801; x_wconf 86' lang='lat' dir='ltr'><strong><em>ars</em></strong></span> <span class='ocrx_word' id='word_1_114' title='bbox 1191 2753 1273 2817; x_wconf 89' lang='lat' dir='ltr'><strong>quae</strong></span> 
     </span>
     <span class='ocr_line' id='line_1_20' title="bbox 148 2845 1167 2934; baseline -0.001 -21"><span class='ocrx_word' id='word_1_115' title='bbox 148 2845 213 2913; x_wconf 84' lang='lat' dir='ltr'><strong>alia</strong></span> <span class='ocrx_word' id='word_1_116' title='bbox 235 2865 306 2914; x_wconf 87' lang='lat' dir='ltr'><strong>esse</strong></span> <span class='ocrx_word' id='word_1_117' title='bbox 328 2845 465 2932; x_wconf 86' lang='lat' dir='ltr'><strong>potuerit</strong></span> <span class='ocrx_word' id='word_1_118' title='bbox 487 2851 612 2932; x_wconf 87' lang='lat' dir='ltr'><strong>praeter</strong></span> <span class='ocrx_word' id='word_1_119' title='bbox 634 2850 694 2927; x_wconf 79' lang='grc' dir='ltr'><strong><em>τὴν</em></strong></span> <span class='ocrx_word' id='word_1_120' title='bbox 719 2853 925 2927; x_wconf 79' lang='grc' dir='ltr'><strong><em>ιειτονικῆν,</em></strong></span> <span class='ocrx_word' id='word_1_121' title='bbox 951 2868 1016 2914; x_wconf 92' lang='lat' dir='ltr'><strong><em>non</em></strong></span> <span class='ocrx_word' id='word_1_122' title='bbox 1039 2853 1167 2934; x_wconf 79' lang='lat' dir='ltr'><strong>expeto.</strong></span> 
     </span>
    </p>
   </div>
   <div class='ocr_carea' id='block_1_5' title="bbox 148 3071 1276 3960">
    <p class='ocr_par' dir='ltr' id='par_1_5' title="bbox 148 3071 1276 3960">
     <span class='ocr_line' id='line_1_21' title="bbox 189 3071 1276 3161; baseline 0 -21"><span class='ocrx_word' id='word_1_123' title='bbox 189 3073 224 3155; x_wconf 79' lang='lat' dir='ltr'><strong>E</strong></span> <span class='ocrx_word' id='word_1_124' title='bbox 247 3071 411 3142; x_wconf 78' lang='lat' dir='ltr'><strong>comoedia</strong></span> <span class='ocrx_word' id='word_1_125' title='bbox 432 3073 563 3158; x_wconf 82' lang='lat' dir='ltr'><strong>antiqua</strong></span> <span class='ocrx_word' id='word_1_126' title='bbox 586 3073 740 3159; x_wconf 84' lang='lat' dir='ltr'><strong>originem</strong></span> <span class='ocrx_word' id='word_1_127' title='bbox 763 3072 894 3142; x_wconf 85' lang='lat' dir='ltr'><strong>duxisse</strong></span> <span class='ocrx_word' id='word_1_128' title='bbox 916 3073 1071 3161; x_wconf 85' lang='lat' dir='ltr'><strong>suspicor,</strong></span> <span class='ocrx_word' id='word_1_129' title='bbox 1096 3072 1181 3158; x_wconf 90' lang='lat' dir='ltr'><strong>quod</strong></span> <span class='ocrx_word' id='word_1_130' title='bbox 1202 3071 1276 3140; x_wconf 91' lang='lat' dir='ltr'><strong>Phi·</strong></span> 
     </span>
     <span class='ocr_line' id='line_1_22' title="bbox 148 3187 1276 3272; baseline 0 -18"><span class='ocrx_word' id='word_1_131' title='bbox 148 3189 241 3255; x_wconf 89' lang='lat' dir='ltr'><strong>loclis</strong></span> <span class='ocrx_word' id='word_1_132' title='bbox 269 3187 381 3272; x_wconf 80' lang='lat' dir='ltr'><strong>tragici</strong></span> <span class='ocrx_word' id='word_1_133' title='bbox 411 3207 587 3271; x_wconf 80' lang='lat' dir='ltr'><strong>cognomen</strong></span> <span class='ocrx_word' id='word_1_134' title='bbox 615 3193 768 3254; x_wconf 84' lang='lat' dir='ltr'><strong>memorat</strong></span> <span class='ocrx_word' id='word_1_135' title='bbox 798 3187 982 3254; x_wconf 82' lang='lat' dir='ltr'><strong>scholiastes</strong></span> <span class='ocrx_word' id='word_1_136' title='bbox 1004 3187 1046 3254; x_wconf 84' lang='lat' dir='ltr'><strong><em>ad</em></strong></span> <span class='ocrx_word' id='word_1_137' title='bbox 1068 3187 1165 3254; x_wconf 86' lang='lat' dir='ltr'><strong>Arist.</strong></span> <span class='ocrx_word' id='word_1_138' title='bbox 1188 3187 1276 3254; x_wconf 84' lang='lat' dir='ltr'><strong>Aves</strong></span> 
     </span>
     <span class='ocr_line' id='line_1_23' title="bbox 149 3298 1274 3386; baseline -0.004 -17"><span class='ocrx_word' id='word_1_139' title='bbox 149 3321 198 3369; x_wconf 77' lang='lat' dir='ltr'><strong>vlt.</strong></span> <span class='ocrx_word' id='word_1_140' title='bbox 222 3302 305 3369; x_wconf 79' lang='lat'>281:</span> <span class='ocrx_word' id='word_1_141' title='bbox 338 3301 406 3366; x_wconf 77' lang='grc' dir='ltr'><strong><em>ἐότι</em></strong></span> <span class='ocrx_word' id='word_1_142' title='bbox 431 3300 461 3364; x_wconf 80' lang='grc' dir='ltr'><strong><em>δ’</em></strong></span> <span class='ocrx_word' id='word_1_143' title='bbox 486 3305 504 3365; x_wconf 93' lang='lat' dir='ltr'><strong><em>o&#39;</em></strong></span> <span class='ocrx_word' id='word_1_144' title='bbox 528 3298 693 3382; x_wconf 81' lang='grc' dir='ltr'><strong><em>Φιλοκλῆς</em></strong></span> <span class='ocrx_word' id='word_1_145' title='bbox 717 3301 903 3386; x_wconf 82' lang='grc' dir='ltr'><strong><em>τραγῳδίας</em></strong></span> <span class='ocrx_word' id='word_1_146' title='bbox 927 3305 1064 3383; x_wconf 78' lang='grc' dir='ltr'><strong><em>ποιητὴς</em></strong></span> <span class='ocrx_word' id='word_1_147' title='bbox 1088 3303 1143 3364; x_wconf 76' lang='grc' dir='ltr'><strong><em>καὶ</em></strong></span> <span class='ocrx_word' id='word_1_148' title='bbox 1169 3298 1274 3365; x_wconf 84' lang='grc' dir='ltr'><strong><em>Φιλο-</em></strong></span> 
     </span>
     <span class='ocr_line' id='line_1_24' title="bbox 149 3411 1275 3500; baseline -0.001 -21"><span class='ocrx_word' id='word_1_149' title='bbox 149 3417 289 3492; x_wconf 77' lang='grc' dir='ltr'><strong><em>πείθους</em></strong></span> <span class='ocrx_word' id='word_1_150' title='bbox 323 3417 392 3491; x_wconf 78' lang='grc' dir='ltr'><strong><em>οἰὸς</em></strong></span> <span class='ocrx_word' id='word_1_151' title='bbox 425 3413 459 3489; x_wconf 73' lang='grc' dir='ltr'><strong><em>ἐξ</em></strong></span> <span class='ocrx_word' id='word_1_152' title='bbox 495 3413 661 3500; x_wconf 71' lang='grc' dir='ltr'><strong><em>Αἰσχύλου</em></strong></span> <span class='ocrx_word' id='word_1_153' title='bbox 694 3413 848 3497; x_wconf 69' lang='grc' dir='ltr'><strong><em>ἀδελφῆς,</em></strong></span> <span class='ocrx_word' id='word_1_154' title='bbox 880 3416 949 3479; x_wconf 85' lang='grc' dir='ltr'><strong><em>ὅσοι</em></strong></span> <span class='ocrx_word' id='word_1_155' title='bbox 984 3412 1015 3478; x_wconf 73' lang='grc' dir='ltr'><strong><em>δ’</em></strong></span> <span class='ocrx_word' id='word_1_156' title='bbox 1040 3411 1275 3496; x_wconf 73' lang='grc' dir='ltr'><strong><em>Ἀλμῖωνος</em></strong></span> 
     </span>
     <span class='ocr_line' id='line_1_25' title="bbox 151 3521 1276 3612; baseline -0.004 -18"><span class='ocrx_word' id='word_1_157' title='bbox 151 3529 253 3596; x_wconf 81' lang='grc' dir='ltr'><strong><em>αὐτὸν</em></strong></span> <span class='ocrx_word' id='word_1_158' title='bbox 278 3553 393 3612; x_wconf 82' lang='grc' dir='ltr'><strong><em>φασιν,</em></strong></span> <span class='ocrx_word' id='word_1_159' title='bbox 419 3527 618 3604; x_wconf 74' lang='grc' dir='ltr'><strong><em>ἐπιδετιιιῶς</em></strong></span> <span class='ocrx_word' id='word_1_160' title='bbox 643 3528 773 3607; x_wconf 80' lang='grc' dir='ltr'><strong><em>λέγουσι</em></strong></span> <span class='ocrx_word' id='word_1_161' title='bbox 798 3528 853 3592; x_wconf 82' lang='grc' dir='ltr'><strong><em>διὰ</em></strong></span> <span class='ocrx_word' id='word_1_162' title='bbox 877 3530 914 3592; x_wconf 87' lang='grc' dir='ltr'><strong><em>τὸ</em></strong></span> <span class='ocrx_word' id='word_1_163' title='bbox 936 3531 1053 3612; x_wconf 85' lang='grc' dir='ltr'><strong><em>πικρόν</em></strong></span> <span class='ocrx_word' id='word_1_164' title='bbox 1072 3521 1168 3594; x_wconf 77' lang='grc' dir='ltr'><strong><em>εἶναι·</em></strong></span> <span class='ocrx_word' id='word_1_165' title='bbox 1189 3525 1276 3610; x_wconf 80' lang='grc' dir='ltr'><strong><em>ἅλμη</em></strong></span> 
     </span>
     <span class='ocr_line' id='line_1_26' title="bbox 152 3639 1275 3731; baseline -0.002 -23"><span class='ocrx_word' id='word_1_166' title='bbox 152 3648 213 3729; x_wconf 75' lang='grc' dir='ltr'><strong><em>γὰρ</em></strong></span> <span class='ocrx_word' id='word_1_167' title='bbox 237 3651 259 3726; x_wconf 77' lang='grc' dir='ltr'><em>ἡ</em></span> <span class='ocrx_word' id='word_1_168' title='bbox 281 3645 407 3729; x_wconf 81' lang='grc' dir='ltr'><strong><em>πικρία.</em></strong></span> <span class='ocrx_word' id='word_1_169' title='bbox 432 3643 533 3710; x_wconf 86' lang='lat' dir='ltr'><strong>Simili</strong></span> <span class='ocrx_word' id='word_1_170' title='bbox 555 3643 624 3710; x_wconf 88' lang='lat' dir='ltr'><strong>ioco</strong></span> <span class='ocrx_word' id='word_1_171' title='bbox 643 3663 664 3710; x_wconf 87' lang='lat' dir='ltr'><strong>a</strong></span> <span class='ocrx_word' id='word_1_172' title='bbox 685 3643 863 3710; x_wconf 86' lang='lat' dir='ltr'><strong>Platone</strong></span> <span class='ocrx_word' id='word_1_173' title='bbox 889 3639 966 3731; x_wconf 83' lang='lat' dir='ltr'><strong>(vol.</strong></span> <span class='ocrx_word' id='word_1_174' title='bbox 986 3642 1030 3708; x_wconf 93' lang='lat' dir='ltr'><strong><em>II.</em></strong></span> <span class='ocrx_word' id='word_1_175' title='bbox 1050 3663 1081 3727; x_wconf 90' lang='lat' dir='ltr'><strong><em>p.</em></strong></span> <span class='ocrx_word' id='word_1_176' title='bbox 1103 3640 1195 3730; x_wconf 78' lang='lat'>679).</span> <span class='ocrx_word' id='word_1_177' title='bbox 1224 3639 1275 3706; x_wconf 83' lang='lat' dir='ltr'><strong><em>Oi-</em></strong></span> 
     </span>
     <span class='ocr_line' id='line_1_27' title="bbox 151 3753 1275 3845; baseline -0.007 -19"><span class='ocrx_word' id='word_1_178' title='bbox 151 3758 258 3826; x_wconf 75' lang='lat' dir='ltr'><strong>nes‘las</strong></span> <span class='ocrx_word' id='word_1_179' title='bbox 290 3765 421 3826; x_wconf 79' lang='lat' dir='ltr'><strong>vocatur</strong></span> <span class='ocrx_word' id='word_1_180' title='bbox 450 3757 620 3841; x_wconf 75' lang='grc' dir='ltr'><strong><em>Εὐαγόρου</em></strong></span> <span class='ocrx_word' id='word_1_181' title='bbox 653 3754 762 3845; x_wconf 84' lang='lat' dir='ltr'><strong>(corr.)</strong></span> <span class='ocrx_word' id='word_1_182' title='bbox 794 3763 873 3830; x_wconf 89' lang='grc' dir='ltr'><strong><em>παῖς</em></strong></span> <span class='ocrx_word' id='word_1_183' title='bbox 906 3753 941 3818; x_wconf 76' lang='grc' dir='ltr'><strong><em>ἐκ</em></strong></span> <span class='ocrx_word' id='word_1_184' title='bbox 974 3753 1194 3840; x_wconf 84' lang='grc' dir='ltr'><strong><em>πλεοριτῖδος.</em></strong></span> <span class='ocrx_word' id='word_1_185' title='bbox 1225 3753 1275 3819; x_wconf 80' lang='lat' dir='ltr'><strong><em>Of.</em></strong></span> 
     </span>
     <span class='ocr_line' id='line_1_28' title="bbox 153 3869 1142 3960; baseline -0.006 -22"><span class='ocrx_word' id='word_1_186' title='bbox 153 3871 455 3958; x_wconf 79' lang='lat' dir='ltr'><strong>Aristophanis</strong></span> <span class='ocrx_word' id='word_1_187' title='bbox 477 3871 556 3937; x_wconf 73' lang='lat' dir='ltr'><strong>Rdn.</strong></span> <span class='ocrx_word' id='word_1_188' title='bbox 581 3872 642 3937; x_wconf 78' lang='lat'><strong><em>22:</em></strong></span> <span class='ocrx_word' id='word_1_189' title='bbox 667 3873 826 3945; x_wconf 85' lang='grc' dir='ltr'><strong><em>Διόνυσος</em></strong></span> <span class='ocrx_word' id='word_1_190' title='bbox 851 3869 920 3944; x_wconf 78' lang='grc' dir='ltr'><strong><em>οἷὸς</em></strong></span> <span class='ocrx_word' id='word_1_191' title='bbox 943 3869 1142 3960; x_wconf 64' lang='grc' dir='ltr'><strong><em>Σταμνῖοο.’</em></strong></span> 
     </span>
    </p>
   </div>
   <div class='ocr_carea' id='block_1_6' title="bbox 596 4184 828 4194">
    <p class='ocr_par' dir='ltr' id='par_1_6' title="bbox 596 4184 828 4194">
     <span class='ocr_line' id='line_1_29' title="bbox 596 4184 828 4194; baseline 0 0"><span class='ocrx_word' id='word_1_192' title='bbox 596 4184 828 4194; x_wconf 55' lang='lat' dir='ltr'><strong><em>n—u—-u—-u</em></strong></span> 
     </span>
    </p>
   </div>
   <div class='ocr_carea' id='block_1_7' title="bbox 0 0 1507 5012">
    <p class='ocr_par' dir='ltr' id='par_1_7' title="bbox 0 0 1507 5012">
     <span class='ocr_line' id='line_1_30' title="bbox 0 0 1507 5012; baseline 0 0"><span class='ocrx_word' id='word_1_193' title='bbox 0 0 1507 5012; x_wconf 95' lang='lat' dir='ltr'><strong><em> </em></strong></span> 
     </span>
    </p>
   </div>
  </div>
 </body>
</html>
