2944 5002
650 331 689 392 37

27 497 29 620 l
101 521 162 597 plor
190 515 300 604 [adoro]
336 516 428 582 αὐτὸν
458 515 669 597 περιεχούσης.
719 514 806 600 Quae
834 526 1010 604 sequuntur
1041 517 1176 604 corrigas
1200 517 1262 580 sic:

27 633 29 690 l
103 646 148 704 τῶν
174 641 279 720 ἰατρῶν
312 637 364 703 τὸν
398 636 651 715 δοκιμώτατον
682 636 970 716 μεταττειλαμένον
1008 637 1121 716 αὐτοῦ,
1154 631 1265 724 (οὗτος)

27 761 28 768 '
103 763 146 834 ris
170 756 251 841 ὕβριν
280 765 338 833 τῆς
366 757 511 839 πατρίδος
536 757 657 824 ἐκδικῶν
681 759 745 824 xri.
793 754 943 823 Ceterum
964 756 1102 823 Diodoro
1125 757 1268 848 digniora

103 892 160 946 sont
190 903 271 970 quae
302 877 343 946 de
372 877 482 946 eadem
517 901 551 944 re
581 877 762 945 scribuntur
792 879 826 944 in
854 879 894 945 fr.
924 878 993 946 111:
1023 879 1066 951 εἰς
1086 879 1269 962 ὀφθαλμίαν

104 1001 229 1082 χαλεπὴν
263 1001 406 1080 ἐμπεσὼν
427 999 659 1080 μετεπέμψατο
682 999 742 1064 τῶν
763 999 873 1080 ἰατρῶν
895 999 947 1066 τὸν
969 997 1109 1082 ἄριστον,
1132 996 1216 1074 οὗτος
1237 1000 1269 1067 δὲ

27 1111 28 1114 “
104 1122 165 1198 rai,
186 1143 267 1212 quae
292 1120 461 1211 adscripsi,
486 1133 522 1187 ut
534 1120 627 1186 simul
640 1132 808 1210 appareat,
834 1141 897 1209 qua
908 1119 1036 1185 licentia
1048 1121 1269 1210 epitomatores

27 1231 28 1254 ³
103 1242 185 1308 serbis
207 1241 338 1310 Diodori
361 1263 417 1308 sua
441 1241 630 1308 substituere
653 1240 741 1306 haud
763 1263 834 1306 raro
858 1240 989 1306 soleant.

27 1383 28 1424 1
136 1363 169 1428 ln
207 1363 247 1429 ir.
285 1363 331 1428 lv
366 1361 619 1452 frequentissimo
653 1362 688 1426 in
722 1360 772 1428 his
806 1361 959 1451 excerptis
993 1383 1098 1428 errore
1133 1362 1267 1452 legitur:

102 1483 206 1556 Φιντίας
237 1483 294 1557 εἰς
330 1483 598 1566 Ἀκράγαντα
615 1541 617 1546 .
635 1481 788 1570 (τύραννος
823 1478 870 1570 ἦν)
906 1504 963 1571 pro
998 1483 1029 1547 ἐν
1065 1482 1270 1565 Ἀκράγαντι.

101 1603 247 1672 llinsmodi
266 1602 372 1671 sordes
391 1605 542 1671 invexisse
565 1603 806 1694 epitomatorem
829 1604 930 1693 liquet
942 1626 978 1669 er
991 1603 1271 1685 adnotatiuncula,

99 1747 167 1813 qnae
199 1722 349 1790 adhaeret
382 1725 547 1814 postremis
583 1723 682 1790 serbis
712 1725 752 1790 fr.
787 1727 827 1790 21
861 1723 917 1790 lib.
952 1723 1028 1790 XXI
1057 1725 1101 1791 sie
1131 1728 1269 1816 scripta:

27 1889 28 1894 ι
101 1845 174 1926 ζήτει
195 1847 254 1919 εἰς
278 1844 315 1911 τὸ
337 1844 404 1926 περὶ
428 1850 567 1924 ρνιοαῶν.

134 1965 166 2030 ln
195 1966 235 2030 l'r.
272 1965 300 2028 V
330 1964 418 2052 (ll§
451 1966 485 2051 3)
516 1964 643 2054 supple:
682 1965 734 2030 καὶ
770 1964 841 2036 τοὺς
865 1965 937 2046 πρὸς
961 1965 1095 2048 Φρουρὰν
1121 1965 1273 2052 (tottam

101 2083 277 2173 (ἐξ)εδὶοξαν
305 2085 387 2160 κτὲ.,
414 2107 488 2150 nam
505 2107 613 2150 sensus
633 2096 696 2150 est:
723 2083 939 2174 praesidiarios
963 2089 1158 2164 eiecerunt,
1183 2109 1269 2155 non:

95 2209 267 2296 persecuti
289 2213 381 2271 cunt.
414 2203 537 2272 Deinde
556 2206 748 2296 corrigatur:
776 2202 867 2280 ε’νοῖς
887 2211 1016 2287 πρῶτοι
1042 2206 1112 2297 (pro
1131 2207 1273 2296 πρῶτον)

98 2327 270 2402 ἐπέπτησαν
291 2329 490 2406 Ἀγνριναῖολ
809 2408 816 2427 ⁶

136 2448 246 2516 Versus
277 2445 374 2512 finem
403 2447 562 2535 sequentis
585 2448 723 2536 excerpti
746 2469 839 2514 seusu
864 2469 961 2514 sacua
985 2461 1058 2513 sunt
1081 2447 1195 2514 rerba:
1222 2449 1274 2514 καὶ

27 2619 28 2654 3
96 2570 366 2652 φιλανθρωπότερον
388 2565 494 2650 ἄρχων
521 2565 726 2648 διακατέσχε
749 2569 841 2644 τοὺς
866 2569 925 2634 ὑπὸ
944 2577 1047 2652 χεῖρα.
1085 2570 1170 2659 Lege
1194 2593 1275 2659 quac

96 2690 300 2778 praecedunt,
324 2703 356 2756 et
379 2689 492 2756 senties
517 2711 625 2754 rerum
649 2711 735 2755 esse:
761 2686 987 2771 διακατέσχεν
1009 2689 1157 2764 αὐτοὺς
1177 2693 1243 2756 κπέ.

27 2829 28 2832 ’
135 2811 204 2878 Nou
235 2813 335 2901 magis
365 2811 440 2876 ferri
463 2821 610 2899 possunt,
635 2833 717 2899 quae
740 2811 785 2876 sic
811 2811 927 2901 scripta
950 2811 1068 2878 ibidem
1091 2811 1273 2901 praegredi-

98 2945 203 3000 untur:
229 2933 331 3014 διόπερ
356 2930 503 3024 sicciores
527 2929 615 2998 ὄντων
639 2932 713 3012 πρὸς
734 2931 922 2999 ἀπόστασιν.
968 2932 1069 3000 Notae
1093 2946 1166 3000 sunt
1185 2933 1275 3000 locu-

27 3025 28 3038 ,
95 3055 188 3122 tiones
205 3049 283 3120 εἶναι
303 3052 334 3120 ἕν
353 3077 427 3129 τινι,
450 3053 540 3135 epol
558 3077 636 3130 τινι,
654 3053 723 3136 περί
742 3078 818 3132 τινι,
843 3055 970 3135 similia;
995 3056 1091 3120 etiam
1112 3057 1294 3136 γίγνεσθον

95 3175 160 3256 προς
189 3197 249 3240 τινι
280 3174 458 3263 saepissime
489 3173 648 3239 invenitur
677 3185 708 3240 et
740 3173 824 3264 apud
852 3196 972 3240 omnes.
1022 3174 1083 3242 Sed
1117 3177 1186 3266 quis
1214 3199 1276 3244 un·

96 3317 182 3382 quarn
212 3294 290 3360 dixit
313 3290 391 3359 εἶναι
415 3297 486 3374 πρὸς
510 3292 701 3372 ἀπόστασιν,
725 3317 788 3382 quo
812 3317 906 3361 sensu
929 3295 1079 3362 Latinum
1102 3311 1149 3363 est
1172 3300 1276 3363 incli-

95 3439 173 3481 nare
208 3415 261 3481 ad
293 3413 551 3503 desectionem?
598 3414 635 3480 ld
659 3438 731 3480 vero
757 3415 884 3482 Graecis
908 3430 955 3482 est
977 3418 1127 3496 βλέπειν,
1148 3419 1260 3485 κλίνειν

93 3537 184 3618 ῥέπειν
221 3537 292 3615 vel,
327 3538 361 3602 in
395 3559 510 3625 magno
531 3535 699 3602 deficiendi
724 3535 846 3616 studio,
871 3540 967 3619 ὁρμᾶν
990 3538 1063 3619 πρὸς
1086 3535 1275 3606 α’πόσταειν.

27 3655 28 3660 ’
95 3657 210 3726 llarum
229 3658 427 3724 locutionum
447 3657 559 3722 ultima
577 3657 830 3745 frequentissima
844 3669 890 3723 est
902 3657 986 3746 apud
998 3671 1158 3738 nostrum,
1180 3683 1279 3750 quare

27 3771 28 3794 i
94 3779 157 3846 ride
180 3803 221 3845 an
246 3777 468 3867 corrigendum
491 3777 531 3842 sit
554 3776 700 3844 dodorus
726 3775 907 3864 (ὅρμ)οἰντιον
930 3778 1002 3859 πρὸς
1027 3779 1093 3844 κτὲ.

133 3901 248 3968 Nobile
279 3897 393 3986 Pyrrhi
421 3896 563 3976 dictum,
588 3896 673 3986 quod
696 3909 843 3962 narratur
866 3899 900 3962 in
922 3898 962 3963 fr.
989 3897 1068 3966 Xlll
1095 3899 1198 3986 (v1§
1242 3899 1276 3990 ),

27 4041 28 4046 ’
93 4023 180 4088 unius
203 4019 350 4086 vocabuli
379 4019 545 4084 omissione
576 4017 806 4084 subobscurum
830 4017 1039 4086 factumest:
1076 4017 1162 4087 εἶπεν
1186 4017 1277 4112 (ὅτι),

27 4139 28 4174 r
93 4141 140 4207 iria
170 4141 216 4209 ἔτι
247 4149 307 4227 μιᾷ
338 4139 433 4225 resim
460 4142 564 4226 νικήορ
587 4140 656 4214 τοὺς
680 4139 848 4218 Ῥωμαίους
872 4140 967 4214 οὐδεὶς
990 4143 1075 4224 αὐτῷ
1099 4149 1157 4210 τῶν
1180 4167 1276 4224 στρα-

91 4269 200 4328 τιωτῶν
228 4299 276 4314 -
305 4263 583 4348 ἀπολειφθήσεται.
632 4259 760 4327 Ilirarat
794 4261 880 4328 enim
915 4285 967 4328 rer
996 4263 1197 4352 Epirotarum
1208 4311 1218 4342 ,
1244 4265 1277 4329 ni

92 4383 189 4450 fallor:
217 4384 273 4449 ἐὰν
293 4383 339 4450 ἔτι
361 4391 419 4468 μιᾷ
446 4380 596 4471 (τοιαύτῃ)
621 4379 715 4464 prim
735 4383 800 4448 κτὲ.
836 4383 1001 4450 Praeterea
1022 4381 1127 4448 addidi
1146 4382 1185 4449 de
1205 4407 1277 4451 meo

92 4507 294 4572 necessariam
333 4489 600 4571 coniunctionem.
651 4503 771 4569 lbidem
806 4527 849 4570 rs.
885 4511 903 4569 5
934 4506 1099 4595 suppleas:
1131 4507 1156 4571 oi
1190 4507 1273 4595 (μὲν)

91 4631 150 4706 γὰρ
173 4625 351 4704 ἡττηθέντες
377 4628 439 4692 κτὲ.
