2968 5014
841 383 883 443 8²

301 553 395 618 etiam
411 553 577 620 ditioribus
589 553 619 620 iu
633 553 745 641 vulgus
768 559 901 620 constat.
925 553 1017 620 Unde
1039 555 1177 642 suspicio
1200 554 1275 620 mihi
1300 556 1421 622 subnata

301 674 363 748 est,
398 691 436 734 an
470 669 549 734 forte
568 667 753 756 Lycophron
786 671 962 757 scripserit:

452 779 581 872 θέρμος
600 775 744 873 πενήτων
763 782 816 848 καὶ
834 775 1034 873 τριβώνιον
1055 774 1232 872 συμπότης.

344 893 476 962 Constat
498 897 578 962 enim
601 890 658 962 τόν
683 894 827 984 τρίβωνα
848 900 944 964 fuisse
978 896 1168 984 philosophis
1190 897 1271 984 apud
1294 899 1423 964 Graecos

298 1013 466 1098 proprium.
506 1012 608 1085 Quam
652 1015 859 1079 coniecturam
900 1036 961 1079 non
998 1036 1104 1100 parum
1139 1011 1325 1079 confirment
1360 1015 1424 1100 ipsa

297 1125 449 1192 Athenaei
479 1127 588 1206 verbia,
624 1149 701 1214 quae
724 1127 778 1194 tib.
802 1129 856 1207 Π,
889 1153 918 1216 p.
950 1129 1045 1194 551)
1073 1129 1211 1195 versibus
1238 1129 1423 1215 praemittit:

296 1232 486 1330 Λυκόφρων
506 1233 525 1306 ό
548 1235 728 1318 nannete
747 1241 780 1308 ἐν
800 1241 965 1330 σατυρικῷ
984 1235 1139 1329 δράματι,
1172 1235 1192 1310 ό
1221 1240 1289 1308 ἐπὶ
1317 1267 1424 1308 κατα-

296 1343 469 1442 μωκήσει
491 1349 665 1441 ἔγραψεν
686 1351 744 1429 εἰς
766 1353 1000 1442 Μενέδημον
1019 1346 1084 1420 τόν
1104 1345 1343 1442 φιλόσοφον,
1368 1347 1425 1443 ἀφ’

296 1453 336 1530 οὗ
367 1455 386 1553 ἦ
415 1467 478 1531 τῶν
508 1457 690 1556 Ἐρετρικῶν
719 1457 898 1554 ὠνομάσθη
929 1463 1070 1554 αἵρεσις,
1103 1457 1360 1532 διασκώπτων
1380 1462 1425 1533 τό

295 1575 372 1640 τῶν
393 1569 633 1666 φιλοσόφων
653 1568 795 1643 δεῖπνά
816 1597 913 1664 φησι,
936 1576 991 1641 καὶ
1012 1573 1200 1666 δημόκοινος
1218 1574 1281 1644 na.

337 1689 377 1755 In
411 1696 501 1780 poeta
534 1697 637 1758 autem
673 1690 899 1766 Alexandrino,
934 1695 970 1756 ut
994 1690 1142 1770 arbitror,
1171 1713 1260 1757 nemo
1290 1692 1425 1778 requiret

294 1807 519 1875 observantiam
544 1829 655 1894 pansae
678 1806 885 1872 Porsoniauae
907 1827 985 1892 quae
1008 1807 1133 1873 dicitur.

339 1924 449 1990 Obiter
470 1922 522 1988 bic
554 1923 709 1987 notandus
740 1927 786 1986 eat
809 1923 910 2009 turpis
932 1943 1029 1999 error,
1053 1943 1142 2007 quem
1166 1923 1248 1988 inter
1271 1921 1425 2010 plurimos

293 2040 370 2105 aiios
401 2040 622 2104 commiserunt
644 2037 733 2103 uren.
754 2039 822 2104 Car.
844 2038 937 2103 Kraft
960 2043 990 2103 et
1014 2039 1108 2104 Corn.
1133 2037 1251 2104 Msrller
1272 2039 1305 2102 iu
1325 2037 1428 2118 libro,

293 2156 345 2242 qui
381 2153 565 2219 inscribitur
597 2151 943 2218 Real-Scbui-Lexicon
974 2153 1019 2217 sic
1051 2151 1220 2217 scribentes
1243 2153 1276 2217 in
1299 2175 1326 2218 v.
1351 2155 1429 2220 Ms-

292 2291 450 2338 nuusuus
492 2269 559 2334 alu
592 2265 661 2334 sehr
692 2267 987 2333 treundscbuftliche
1018 2267 1254 2334 Verhiiltnissen
1275 2270 1369 2335 stand
1395 2293 1429 2337 er

290 2385 349 2452 mit
360 2388 485 2462 Aratus,
504 2381 693 2470 Lycophron
706 2405 735 2448 u.
758 2383 942 2470 Antagoras.
965 2383 1153 2471 Lycophron
1178 2382 1236 2449 soll
1259 2382 1314 2450 ibn
1330 2405 1432 2473 sogar

292 2524 359 2566 aum
384 2497 603 2588 Gegeustande
625 2499 708 2564 eines
729 2497 920 2583 satyrischen
945 2497 1086 2564 Drama’s
1108 2498 1252 2587 gemacht
1264 2497 1377 2580 haben,
1394 2502 1431 2566 ιἰι

290 2619 357 2681 διον
379 2638 412 2680 er
431 2615 532 2698 petobt
555 2613 696 2690 wurde''‚
720 2613 781 2678 nisi
805 2615 883 2679 torte
907 2613 1028 2680 credere
1045 2614 1140 2679 mavis
1157 2614 1334 2680 duumviros
1348 2615 1433 2682 doc·

290 2731 437 2806 tissimus,
465 2729 518 2814 qui
541 2729 697 2816 egregium
720 2727 808 2793 illum
831 2727 943 2793 librum
969 2729 1142 2794 iuventutis
1161 2729 1195 2793 iu
1212 2751 1300 2794 nsum
1316 2729 1433 2796 edide-

289 2851 379 2923 runt,
411 2843 570 2930 scripsisse
604 2845 666 2907 nin
693 2843 758 2908 dem
789 2866 822 2906 ον
850 2849 1017 2928 ceraptttet
1039 2847 1180 2922 mortem
1204 2849 1235 2909 et
1257 2843 1431 2911 lectionem

290 2961 446 3047 vulgatam
471 2959 698 3046 typothetarum
724 2956 827 3023 deberi
852 2959 997 3023 incuriae.

333 3384 419 3451 Stob.
442 3383 505 3460 IX,
519 3389 555 3450 21
577 3373 757 3469 Φιλήμονος
777 3379 810 3446 ἐν
831 3371 1032 3468 Παλαμήδει.
1052 3382 1231 3465 (Philiscus
1251 3383 1439 3452 Palamede

288 3502 433 3588 Grotius)
444 3526 450 3565 :

492 3612 551 3678 τοῦ
571 3602 632 3698 γὰρ
655 3605 780 3675 δικαίου
800 3599 858 3674 κόν
876 3610 1026 3696 βροτοῖσι
1044 3606 1101 3676 κόν
1121 3613 1217 3686 θοοῖς

493 3713 659 3794 ἀθάνατος
681 3711 735 3786 ciat
755 3712 836 3800 δόξα
854 3720 994 3786 διατελεῖ
1014 3711 1140 3804 μόνου.

333 3837 433 3904 cond.
457 3843 487 3902 et-
508 3836 576 3901 edd.
599 3826 711 3916 μόνον,
735 3835 817 3920 quod
841 3837 967 3900 correxi.
