2932 5004
648 339 689 398 85

124 517 191 586 idox
211 522 247 586 in
271 519 392 586 verbis:
427 523 555 604 φονερὸς
580 522 703 600 ἐγένετο
726 529 783 587 τῶν
810 527 931 588 πολλῶν
953 521 1126 602 βασιλέοιν,
1151 544 1260 590 vereor

89 653 118 705 nt
143 643 299 708 mffeoerit
325 665 398 707 cum
423 641 565 708 Bekkero
589 643 725 708 inserere
749 654 829 731 part.
855 641 906 718 ὤνς
929 665 1003 708 nam
1027 644 1106 708 ratio
1130 645 1262 732 requirit

88 764 284 828 confirmante
307 783 386 827 usu:
419 767 478 828 πῶν
501 769 622 828 πολλῶν
648 757 703 851 (εἷς
727 763 776 851 ὢν)
801 761 978 841 βσισιλέοιν,
1002 764 1023 828 i.
1050 788 1079 830 e.
1106 787 1196 829 unus
1220 764 1262 828 de

87 885 197 948 multis
219 883 372 972 regibus.
410 882 516 948 Facile
545 893 650 947 antem
681 894 751 972 post
773 891 966 950 ΠΟΛΛΩΝ
990 885 1108 974 negligi
1125 885 1262 975 potuisse

88 1013 173 1068 ΑΩΝ
185 1053 194 1081 ,
216 1005 239 1069 i.
268 1026 298 1068 e.
321 998 365 1076 εἷς
389 1005 445 1080 ὢν,
469 1004 539 1091 qnis
563 1001 717 1092 negabit?

125 1123 260 1190 llnltum
292 1146 418 1212 quoque
446 1147 497 1189 me
527 1123 632 1190 iudice
663 1123 768 1203 abest,
799 1137 836 1189 ut
856 1124 1057 1191 emendatam
1081 1126 1171 1191 nobis
1195 1127 1261 1192 leo·
1378 1125 1380 1130 ’

19 1233 20 1272 l
91 1243 196 1309 tionem
231 1245 303 1310 cod.
342 1246 413 1311 Vnt.
451 1245 601 1310 obtulerit
631 1245 664 1310 in
694 1245 734 1311 fr.
769 1245 812 1310 Il.
862 1247 989 1312 Prorsus
1020 1247 1182 1336 desperata
1215 1259 1262 1312 est

90 1363 160 1428 salns
191 1365 368 1454 primorum
398 1365 493 1431 huius
523 1367 662 1455 excerpti
689 1366 879 1432 verborum:
914 1365 959 1433 dre
983 1369 1187 1445 ἅπαντιάσοισι
1211 1368 1263 1434 σὸν

90 1486 239 1568 Ἀντίοχον
262 1495 325 1560 σοῖς
340 1488 524 1565 soccatos,
549 1488 666 1577 quippe
690 1510 771 1576 quae
792 1510 866 1553 cnm
883 1511 951 1578 sqq.
966 1487 1262 1554 male‘cohaereant.

91 1607 280 1674 llrcideritne
313 1605 453 1696 aliquid,
486 1631 524 1672 an
557 1607 619 1672 alio
645 1608 756 1673 morbo
779 1608 943 1688 laborent,
968 1631 1031 1674 non
1056 1611 1128 1675 satis
1150 1609 1263 1698 liquet.

19 1791 20 1820 1
90 1725 294 1818 Sequentibns
328 1728 475 1818 prodesse
508 1729 623 1817 poterit
658 1728 807 1816 Polybius
841 1729 898 1794 lib.
934 1729 1041 1794 xxix
1072 1728 1096 1817 g
1124 1735 1184 1808 11,
1210 1731 1266 1818 qui

91 1847 174 1914 laius
210 1849 467 1915 narratiunculae
498 1862 608 1914 auctor
638 1861 703 1928 est,
734 1861 765 1915 et
796 1871 891 1938 quern
921 1862 1044 1914 mutata
1068 1850 1266 1940 aliquantum

91 1971 223 2037 oratione
258 1969 406 2036 describit
441 1969 607 2035 Diodorus.
656 1969 729 2034 Non
764 1970 824 2034 crit
857 1970 954 2058 igitur
983 1969 1112 2034 fortasse
1140 1993 1266 2060 prorsus

92 2091 193 2157 inutile
235 2092 379 2158 meliores
420 2091 503 2181 apud
543 2090 711 2178 Polybium
746 2090 897 2157 lectiones
931 2090 1077 2157 brevibus
1112 2089 1264 2156 indicare.

92 2211 221 2278 Primum
258 2235 302 2278 vs.
343 2216 383 2277 10
419 2211 564 2290 πολέμιος
599 2212 682 2277 ἐστιν
717 2212 734 2288 ἢ
774 2211 908 2295 (piton
945 2213 1052 2302 accipe
1083 2235 1102 2277 a
1136 2210 1267 2300 Polybio

91 2333 239 2412 Φίλιοςς
264 2357 309 2398 rs.
339 2337 378 2398 13
403 2331 683 2414 προχειρότατον
705 2369 751 2382 ·-
772 2333 959 2414 βοιιιπιὶριονς
985 2333 1053 2399 Pol.
1078 2332 1176 2398 habet
1198 2355 1267 2414 προ-

92 2455 213 2534 χείροις
248 2491 295 2503 -
328 2455 512 2535 βακτηρίαιν.
572 2453 666 2543 Apud
701 2453 793 2520 Diod.
830 2453 1077 2536 πρόχειρον-
1102 2454 1268 2536 βοικτήριον

93 2573 285 2641 scribendum
319 2597 393 2641 curn
422 2573 580 2654 ldullero,
606 2573 690 2664 apud
714 2573 782 2640 Pol.
808 2574 1055 2655 πρόχειρον-
1077 2575 1267 2656 {laureolum

94 2717 132 2759 rs.
165 2703 200 2761 ll
237 2695 369 2784 Polyb:
404 2695 465 2780 ἔφη
497 2695 720 2776 βούλεσθαι
752 2694 938 2775 uccericium
965 2702 1028 2768 σοῖς
1058 2696 1162 2778 φίλοις
1194 2697 1268 2777 ὑπὲρ

94 2821 144 2879 τῶν
161 2815 453 2898 προσπεπτωκότων.
491 2816 575 2882 Hinc
594 2815 711 2906 expleri
733 2817 848 2906 poterit
865 2838 978 2882 manca
998 2815 1128 2882 Diodori
1144 2817 1264 2882 oratio:

96 2933 172 3013 ἔλεξε
201 2937 289 3019 παρὰ
317 2939 376 3002 πῶν
403 2937 502 3018 Φίλων
534 2937 658 3014 γνώμην
688 2937 802 3016 λιιβεῖν
825 2935 991 3002 inserendo
1015 2937 1079 3002 sire
1102 2937 1268 3016 βούλεσθον

96 3056 151 3121 sire
183 3057 314 3133 ἐθέλειν,
351 3058 410 3122 nisi
441 3057 521 3122 forte
551 3057 666 3122 sufficit
693 3057 881 3123 intercalare
912 3057 1101 3147 particulam
1132 3058 1171 3124 dv
1199 3071 1269 3148 post

19 3179 20 3202 ¹
96 3178 208 3255 λαβεῖν.
256 3177 377 3244 Deinde
407 3177 528 3244 dedisse
564 3178 704 3267 suspicor
727 3177 841 3244 Diod:
874 3177 1091 3243 διεκελεύοντο
1114 3181 1169 3254 τὴν
1192 3177 1269 3244 cind-

98 3321 179 3376 ιιρισιν
212 3301 243 3365 ἒν
274 3301 370 3381 τούτῳ
407 3299 471 3386 (aqi
501 3299 618 3386 γύρςι)
652 3299 884 3374 ποιήσοισθοοι
920 3299 990 3388 (pro
1013 3297 1169 3386 ποιῆσοι);
1193 3321 1267 3364 narn

97 3417 194 3486 scribit
228 3419 286 3484 P.:
311 3421 342 3484 ἐν
364 3421 460 3499 τούτῳ
482 3444 519 3486 σε
542 3421 588 3502 τῷ
612 3421 716 3502 ydoli
737 3419 792 3494 risa
815 3419 978 3504 ἀπόφονον
1002 3419 1144 3485 ἐκέλευσε
1166 3420 1267 3484 δοῦνοιι

98 3539 170 3614 κτὲ.;
199 3543 225 3606 si
248 3553 357 3606 contra
380 3541 451 3606 loco
474 3553 580 3606 nostro
603 3541 684 3606 nihil
709 3539 882 3618 addideris,
908 3563 925 3604 e
948 3537 1160 3628 superioribus
1183 3541 1270 3629 cogi-

19 3731 20 3742 }
99 3659 182 3725 tando
210 3661 357 3751 supplere
385 3661 497 3727 debes:
528 3663 557 3726 ἕν
584 3660 682 3742 τούτῳ
712 3659 767 3748 (πῷ
790 3657 961 3747 κλήματι),
986 3658 1070 3747 quod
1094 3659 1189 3748 plane
1212 3659 1271 3725 ab·

98 3779 216 3846 surdum
247 3795 304 3850 est.
352 3783 516 3848 Praeterea
548 3780 587 3847 de
618 3803 689 3846 rneo
719 3779 793 3846 dedi
823 3781 1023 3855 ποιήσοισθοιι;
1048 3803 1122 3845 nam
1145 3790 1271 3858 ποιῆσον

98 3899 244 3982 ἀπόκρισιν
289 3902 444 3969 Graecum
481 3925 545 3968 non
579 3925 664 3981 esse,
699 3900 749 3967 rix
784 3901 952 3989 qnisquam
986 3901 1163 3968 monendus
1197 3905 1268 3970 erit.

101 4019 228 4090 Tandem
252 4047 298 4089 vs.
324 4028 364 4088 18
387 4023 484 4090 habet
506 4023 621 4089 Diod:
648 4021 709 4105 ἔφη
734 4023 867 4096 ποιήσειν
891 4025 954 4087 πῖιν
977 4022 1013 4087 πὸ
1036 4039 1271 4104 παρακελευ-

100 4140 208 4218 όμενον.
256 4145 346 4210 Pol:
381 4143 442 4225 ἔφη
473 4145 607 4221 ποιήσειν
629 4146 694 4208 aar
716 4143 751 4207 τὸ
775 4142 1094 4224 ποιροοκοιλούμενον
1118 4145 1175 4211 ὑπὸ
1199 4143 1269 4206 ‘Po
1296 4149 1298 4154 '

99 4267 197 4342 μινίιιν.
245 4265 309 4332 llic
337 4265 551 4332 emendandus
583 4263 708 4330 ridetur
732 4243 887 4353 *Polybius
917 4287 935 4330 e
965 4263 1115 4330 Diodoro.
1164 4261 1270 4327 Livius

96 4387 222 4454 eundem
247 4386 370 4475 Polybii
397 4386 503 4452 locum
527 4388 640 4452 Latine
661 4385 754 4452 vertit
778 4385 851 4452 XLI
876 4409 918 4450 rs.
950 4389 999 4450 12.

138 4508 188 4573 l'r.
224 4507 273 4573 lll
308 4507 377 4572 init.
414 4530 519 4573 rursus
553 4519 704 4598 peccatur
732 4519 841 4573 contra
873 4503 1110 4596 grammaticam
1138 4502 1172 4568 in
1197 4501 1266 4570 his:

99 4623 137 4694 irs
159 4628 327 4710 συγγνώμη
351 4629 497 4712 σιμιορίοις
523 4629 747 4711 cinerarios.
796 4627 894 4715 Lege:
923 4624 1157 4704 οἱρεπώσερον.
