2990 5012
800 381 842 446 34

258 567 366 635 tietur.
403 567 556 637 Athenaei
569 569 655 636 hunc
672 589 816 636 errorem
832 589 904 636 esse
920 568 1117 637 incuriosius
1142 569 1237 638 verba
1262 583 1376 660 poetae

256 681 383 749 citantis
408 683 509 750 habeo
534 703 738 771 persuasum.
786 683 934 751 Fortasse
959 683 1044 752 idem
1077 685 1309 772 grammaticus
1344 687 1378 754 in

255 797 347 885 eulpa
373 810 439 876 est,
464 799 550 886 qnod
577 798 672 866 hodie
695 798 731 863 {V
757 821 786 887 p.
818 803 879 866 tot
906 798 940 864 θ.
969 807 1138 888 ταχύτατα
1164 799 1301 886 legimus
1320 823 1380 890 pro

257 925 391 1004 τάχιστα
417 913 447 978 in
475 924 737 998 Δραπεταγωγοο
765 915 945 1002 fragmento
969 913 1086 981 hoece:

736 1035 870 1114 κοσμίως
897 1041 1002 1098 ποιῶν
1027 1039 1086 1113 τὴν
1110 1035 1244 1100 ἔνθεσιν

384 1151 502 1230 μικρὰν
525 1149 584 1226 μὲν
611 1150 644 1209 ἐκ
671 1156 725 1211 τοῦ
749 1154 886 1230 πρόσθε,
914 1149 1035 1231 μέοτην
1061 1146 1091 1212 d'
1113 1147 1253 1214 ε”νθοθεν

385 1267 444 1341 τὴν
471 1268 573 1344 χεῖρα,
598 1269 747 1343 καθάπερ
772 1263 808 1324 αἱ
830 1271 997 1339 γυναῖκες,
1024 1262 1209 1343 κατέφαγεν

385 1374 563 1456 πάμπολλα
588 1380 643 1438 καὶ
669 1381 900 1459 ταχύτατα.

298 1485 365 1550 Non
390 1484 552 1551 difficilius
569 1498 618 1551 est
636 1485 773 1552 Erurrrr
792 1485 971 1574 Geryonem
998 1508 1047 1575 ap.
1065 1486 1137 1552 dth.
1158 1487 1196 1552 tx
1214 1508 1243 1575 p.
1262 1490 1327 1554 370
1343 1488 1376 1553 C.

252 1599 385 1667 liberare
409 1621 504 1689 prora
527 1602 627 1668 torma
651 1610 860 1685 ἐπιστρόφως,
879 1601 953 1688 quia
974 1621 1046 1669 rem
1063 1601 1159 1668 lertio
1177 1611 1377 1690 ἐπιστρεφῶς

251 1728 374 1784 sinuato
397 1729 445 1784 est
467 1718 476 1783 Ι
502 1739 531 1806 p.
554 1721 595 1784 65
622 1739 667 1792 ιι,
690 1716 743 1783 ubi
771 1717 854 1784 idem
881 1718 1095 1802 fragmentum
1127 1737 1294 1806 perperam
1321 1716 1377 1782 tri-

251 1832 361 1898 buitur
387 1831 536 1908 Euuuno
564 1845 599 1900 ut
623 1845 710 1899 rorte
735 1832 887 1899 iudicarit
910 1831 1128 1899 Cosaubonus.
1177 1831 1244 1898 Non
1272 1831 1376 1918 magis

251 1948 355 2035 potuit
388 1947 573 2014 Mentorea
607 1947 766 2022 scribere,
800 1968 882 2036 quoe
914 1949 941 2013 ei
968 1947 1157 2014 tribuuntur
1187 1970 1203 2013 a
1236 1947 1375 2041 stopaeo

251 2062 332 2128 Flor.
359 2063 450 2128 xdttt
479 2067 538 2129 lt:

384 2192 428 2264 τῲ
449 2189 508 2265 μὲν
531 2189 567 2247 τὸ
592 2191 681 2278 σῶμα
707 2183 1024 2265 διατεθειμένον
1050 2187 1187 2258 κακῶς

384 2295 534 2382 χρείαότ’
561 2303 671 2379 ἰατροῦ
697 2304 762 2362 uri.

249 2408 305 2474 sod
330 2407 460 2495 scripsit
483 2416 549 2492 γὰρ
575 2413 819 2494 ὄιακιιμένῳ,
846 2408 1120 2496 queamdmodum
1151 2417 1236 2473 recte
1256 2405 1373 2492 legitur

246 2523 332 2610 apud
358 2522 577 2589 Pururrrroun
600 2521 631 2587 in
659 2521 820 2605 Olynthio
844 2521 929 2610 apud
955 2521 1094 2587 eundem
1119 2517 1211 2586 tntu
1242 2523 1280 2584 lt·
1295 2543 1301 2584 :

379 2643 415 2706 ou
441 2640 582 2727 χαλεπόν
612 2647 678 2705 iou
704 2650 747 2722 τρι
773 2647 898 2713 κακῶς
924 2639 1156 2721 διακειμένῳ

378 2761 479 2820 εἰπεῖν
505 2755 567 2819 τιν’
589 2758 789 2822 εὐθενοῦντα
818 2762 876 2838 »μὴ
902 2765 1008 2829 κακῶς
1033 2753 1118 2839 ἔχε’,

377 2875 481 2952 πύκτῃ
507 2865 534 2932 τ’
559 2873 713 2950 ἐπιτιμᾶν
739 2871 833 2934 οὐδὲν
858 2871 952 2950 ἔργον
975 2867 1148 2953 μαχομένῳ

375 2988 477 3048 αὺτὸν
501 2993 667 3080 popedon
694 2986 723 3049 θ’
745 2983 848 3050 οὐκέτ’
872 2987 937 3049 ἐστι
956 2983 1083 3068 ῥᾴδιον.

378 3097 500 3182 [ἕτερον
525 3125 557 3164 τι
581 3109 636 3165 τοῦ
662 3099 768 3180 λέγειν
794 3104 860 3166 ἐστὶ
887 3104 921 3165 τό
945 3097 1178 3180 πεπονθέναι].

289 3209 323 3276 in
357 3209 471 3278 ultimo
495 3230 591 3278 versu
624 3211 845 3290 emendando,
879 3211 906 3277 si
934 3210 1041 3278 dicere
1065 3209 1111 3276 sas
1135 3219 1199 3284 est,
1234 3227 1367 3296 operam

243 3325 382 3413 perdidit
406 3347 543 3414 magnus
570 3325 750 3406 rorsonus,
775 3325 830 3416 qui
856 3325 990 3394 rescribi
1014 3325 1125 3392 iussit:

376 3445 484 3528 ἕτερόν
511 3471 541 3510 τι
567 3450 602 3510 τὸ
628 3445 734 3526 λέγειν
760 3449 826 3510 ἐστὶ
852 3456 907 3512 τοῦ
931 3443 1151 3510 πεπονθέναι.

285 3555 363 3623 Nam
394 3558 442 3624 vel
476 3556 518 3623 ita
553 3567 697 3624 correcta
730 3558 808 3624 haec
841 3557 936 3623 rerba
973 3555 1055 3622 male
1083 3552 1258 3620 cohaerent
1290 3571 1365 3618 cum

239 3671 480 3759 superioribus,
518 3691 601 3758 quae
637 3670 840 3758 requirerent
873 3669 993 3758 aliquid
1025 3669 1057 3735 in
1090 3667 1177 3734 hunc
1213 3685 1365 3734 sensum:

238 3789 348 3871 ’ἕτερον
383 3817 413 3854 τι
446 3794 481 3854 τὸ
506 3799 681 3873 παραινεῖν
707 3795 772 3854 ἐστι
805 3801 859 3856 τοῦ
885 3797 992 3855 ποιεῖν
1025 3793 1059 3853 τὸ
1089 3791 1364 3869 παροινούμενον.

237 3898 351 3966 Nullus
377 3899 475 3987 igitur
499 3901 613 3968 dubito
639 3901 716 3989 quin
742 3922 804 3968 una
831 3901 925 3968 litura
949 3900 1084 3968 delenda
1110 3897 1184 3966 sint.

281 4013 351 4082 Non
369 4015 471 4103 magis
497 4014 625 4104 probari
643 4025 750 4102 potest
774 4017 873 4082 forma
900 4014 1033 4082 Perseoti
1049 4018 1361 4100 όδοιπεπιρήκαμιν,

236 4147 319 4216 quae
343 4148 380 4196 ex
406 4129 547 4197 virorum
572 4131 741 4198 doctorum
771 4130 956 4198 coniectura
981 4130 1078 4199 hodie
1102 4141 1231 4218 recepta
1256 4139 1305 4197 est
1330 4127 1363 4196 in

235 4241 323 4310 brevi
353 4243 550 4332 fragmento,
575 4244 663 4332 quod
688 4265 726 4312 ex
749 4245 934 4312 Pnrtrrrror
951 4245 1109 4314 Laciades
1132 4244 1270 4312 servarit
1295 4244 1364 4312 Pol-

235 4357 289 4424 lux
313 4357 347 4426 in
370 4356 577 4428 Onomastico
602 4358 642 4426 IX
667 4363 727 4428 38:

369 4478 475 4564 ὀρθῶς
499 4505 533 4560 γε
559 4485 617 4561 τὴν
646 4486 747 4566 ῥύμην
771 4480 1187 4565 όθοιπεπορριιαμεν.
