2944 5002
667 351 708 410 73

101 531 232 612 δημοτῶν
259 533 417 612 οὶνύρύπων
447 542 829 616 σννκοιτωρριπτεῖν
854 530 884 600 cl
904 535 1012 616 σύρροι;
1036 535 1086 600 κω)
1111 535 1196 613 μετὰ
1218 539 1277 600 τῶν

102 653 386 734 παρεπιδημούντων
404 651 494 730 ξένων
516 653 588 741 (τῶν
603 655 677 743 ins.)
700 653 931 719 εὐτελεστάτων
950 654 1122 732 συμπίνειν.
1153 630 1280 719 Deobri-

100 773 216 840 buatur
229 796 296 838 non
316 775 384 840 aine
395 775 610 864 indignatione
624 774 772 841 Antiochi
785 774 957 864 Epiphanis
970 773 1079 862 Syriae
1092 776 1172 864 regis
1184 774 1280 839 disso-

100 894 157 960 luti
166 917 270 960 mores
281 907 314 961 et
324 896 483 985 ineptiae,
502 896 634 984 quibus,
648 909 684 962 ut
695 909 805 961 auctor
816 909 862 962 est
874 895 985 984 Polyb.
1001 900 1063 974 26,
1085 901 1138 975 10,
1160 897 1281 962 factum

102 1027 146 1082 cat
171 1027 208 1080 at
232 1014 365 1080 ludibrii
388 1039 481 1083 causa
503 1018 678 1096 Ἔπιμωνης
709 1029 831 1082 mutato
860 1017 990 1082 nomine
1018 1029 1193 1082 uocaretur.
1242 1017 1282 1082 ln

103 1137 137 1202 iia
174 1149 283 1202 autem
325 1145 406 1226 quoe
449 1159 542 1226 sopra
585 1137 732 1227 descripsi
770 1135 904 1226 intelligi
935 1151 1098 1226 nequeunt
1128 1137 1282 1202 uocabula

103 1265 479 1337 σννιιοιτοορριπτεῖν
511 1254 546 1324 οΙ
573 1257 675 1341 τύχοι.
723 1259 865 1323 Fortasse
897 1257 951 1322 alii
982 1259 1142 1346 continget
1174 1277 1282 1322 veram

20 1399 28 1410 ·
102 1377 268 1444 lectionem
292 1399 421 1456 eruere,
451 1377 505 1444 scd
529 1378 574 1442 ito
597 1391 633 1442 ut
655 1378 842 1468 respondeat
864 1378 1017 1444 vocabulo
1038 1379 1284 1457 οννκωτωβωύ·

103 1522 170 1574 νειν,
192 1521 256 1586 quo
281 1497 450 1585 Polybius,
475 1521 571 1587 quem
594 1510 700 1564 noster
721 1497 760 1565 de
783 1521 870 1564 more
894 1499 1058 1578 exscribit,
1081 1501 1115 1564 in
1136 1499 1283 1565 hacnar-

103 1619 222 1684 ratione
256 1641 330 1686 usus
365 1631 423 1685 est.
472 1617 522 1684 bn
556 1620 636 1686 forte
666 1619 727 1685 hoc
757 1621 824 1709 ipso
855 1617 949 1686 verbo
980 1642 1054 1684 usus
1082 1633 1130 1684 cat
1157 1641 1284 1709 quoque

104 1739 280 1806 Diodorus?

144 1859 199 1925 Pr.
238 1860 375 1927 XXXVI
409 1861 527 1950 optime
559 1863 623 1927 iam
658 1861 753 1928 ltind.
788 1863 912 1928 monuit
946 1859 1169 1950 corrigendum
1198 1883 1282 1926 csse:

103 1979 168 2061 περὶ
199 1981 257 2058 μὲν
288 1988 347 2047 τῶν
377 1979 482 2048 ἄλλων
504 1983 690 2049 ἀπολύειν
714 1982 784 2073 (pro
808 1982 1029 2066 ἀπολύσειν)
1054 1982 1149 2046 οὗτοι
1170 1981 1284 2059 ἐγκλη-

105 2099 222 2180 μάτων.

144 2222 377 2312 interpolatum
399 2245 515 2290 nomen
536 2225 699 2314 proprium
726 2223 930 2290 resecandum
961 2225 995 2288 in
1020 2224 1060 2288 fr.
1092 2221 1282 2290 XXXVIII:

103 2341 147 2410 Ιτι
177 2344 266 2422 μετὰ
295 2343 352 2416 την
375 2343 541 2422 carbonata
564 2345 620 2419 την
643 2349 715 2409 κοτ’
738 2345 891 2423 Εὐμένους
914 2347 957 2415 εἰς
980 2345 1016 2411 τὸ
1038 2343 1204 2424 Πέργαμον
1223 2345 1287 2409 διοι-

104 2464 234 2538 totalem
267 2465 377 2546 Φήμης
408 2459 453 2530 dut
477 2464 698 2540 τετελεύτηκεν
725 2465 918 2554 [Εύμένηο],’
938 2469 1098 2538 ”Arrolos
1122 2462 1287 2538 ἕπεπλύκη

104 2595 142 2666 τῇ
164 2585 339 2666 βοισιλύσση
366 2583 600 2665 προχειρότερον·
626 2587 659 2649 ού
682 2586 743 2664 μην
766 2585 905 2663 Εὐμένης
927 2609 967 2663 γε
988 2559 1184 2666 προσεποιήθη
1202 2585 1288 2662 μετὰ

104 2709 195 2772 τοῦτ’
225 2704 440 2787 οὶνοιιιούμψωο,
470 2705 559 2770 trad
589 2705 782 2789 φιλοφρόνως
811 2705 1036 2784 οὶσπωσούμενορ
1067 2706 1117 2770 τὸν
1149 2703 1286 2787 ἀδελφὸν

105 2823 250 2904 διέμεινεν
273 2827 304 2890 ἐν
328 2835 366 2908 τῇ
393 2825 465 2905 προς
488 2827 581 2892 οούτὸν
600 2827 712 2910 rivale.
759 2827 798 2892 ln
817 2827 928 2892 iisdem
948 2827 1013 2892 fere
1032 2826 1153 2891 mireris
1172 2825 1290 2892 salvara

105 2946 236 3012 misisse
272 2945 463 3012 locutionem
494 2945 667 3036 ellipticam
698 2949 730 3012 ού
764 2947 826 3027 μην
855 2947 993 3027 Εὐμένης
1025 2972 1065 3026 με
1088 2947 1291 3029 προσεποιήθη

104 3089 201 3154 quam
225 3064 396 3156 aliquando
419 3066 540 3132 scribac
562 3066 701 3156 perdunt
724 3067 899 3156 supplendo
922 3067 1017 3132 verbo
1036 3067 1156 3134 sillam.
1188 3067 1291 3133 Notus

102 3199 151 3251 cst
169 3187 262 3252 locus
286 3187 478 3253 Philemonis
502 3209 552 3276 ap.
580 3187 666 3252 Plut.
691 3185 722 3251 d.
747 3186 821 3252 aud.
843 3199 929 3276 poet.
953 3211 985 3276 p.
1010 3193 1052 3254 35
1077 3187 1115 3252 d:

332 3310 347 3370 d
369 3305 504 3386 λοιδορῶν
527 3304 609 3387 yde,
632 3305 671 3372 dv
695 3307 709 3372 ύ
732 3305 952 3388 λοιδορούμενος

334 3426 378 3504 μη
402 3449 492 3506 arpeo
504 3435 597 3502 ποιῆ
605 3450 688 3504 τοι,
711 3427 888 3507 λοιδορεῖτωι
912 3429 1058 3509 λοιδορῶν.

105 3549 152 3614 cl.
179 3546 360 3634 Thucydid.
395 3546 465 3625 ΙΙΙ,
500 3551 556 3626 47η
589 3547 701 3635 Polyb.
738 3547 799 3626 lv,
833 3551 871 3612 17
902 3545 926 3634 §
958 3551 973 3612 1
1007 3561 1037 3614 ct
1068 3547 1115 3627 V,
1145 3553 1190 3614 25
1212 3554 1229 3635 §
1254 3553 1290 3616 7.

105 3666 208 3734 Simul
246 3667 376 3734 observa
413 3689 506 3734 tuum
544 3667 619 3734 dor.
657 3668 772 3734 Pasairi
807 3667 889 3758 apud
927 3669 1058 3734 seriores
1097 3693 1154 3760 pro
1188 3671 1290 3736 forma

28 3860 33 3869 ,
106 3787 211 3856 ledia
235 3789 494 3870 προσεποιησωτο,
518 3789 581 3854 iam
604 3789 803 3876 frequentem
827 3787 910 3878 apud
935 3789 1113 3876 Polybium.

494 3967 594 4035 ΑΒΝ.
622 3967 679 4036 ΑΙ)
703 3969 786 4038 LIB.
812 3967 913 4036 XXX.

153 4149 344 4240 Praepositio
368 4144 455 4216 verbi
478 4151 644 4242 compositi
666 4151 871 4232 οὶποινορεύειν
895 4151 1007 4218 vitium
1031 4155 1219 4220 contraxisse
1243 4153 1289 4218 vi·

111 4269 199 4338 detur
219 4274 253 4338 iu
276 4271 327 4338 his
350 4271 450 4338 verbis
472 4273 513 4338 fr.
540 4273 575 4340 l:
605 4271 775 4354 προσύτοιξε
799 4273 830 4338 δὲ
855 4273 936 4361 (soil.
962 4277 1100 4362 senatus)
1126 4283 1187 4347 τοῖς
1212 4274 1290 4338 duol-

114 4413 172 4463 τοις
200 4395 232 4458 ἕν
262 4393 470 4466 iniculator
504 4393 659 4476 διωρρύδην
690 4395 909 4475 οὶποονορεύειν
939 4397 1008 4468 τοὺς
1033 4395 1071 4459 δὲ
1094 4394 1291 4474 πρεσβευτὰς

114 4511 163 4578 ut
191 4511 314 4585 πούντοις
338 4513 521 4588 Μοοκεδύνοιρ
547 4517 580 4579 ἐκ
603 4517 661 4594 μὲν
685 4516 802 4594 Ῥώμης
827 4517 973 4581 οὶπελύεῒν
992 4513 1176 4592 οιύύημερύν,
1202 4516 1236 4579 εἰι
1260 4517 1290 4580 δὲ

120 4642 165 4707 τῆς
195 4634 335 4706 ’iratior
364 4634 397 4698 ἕν
429 4634 554 4717 ἡμέροις
587 4634 759 4717 τριύκοντοι.
807 4635 888 4702 Nam
916 4634 988 4700 ferri
1012 4655 1076 4696 non
1098 4655 1185 4721 posse
1208 4637 1292 4700 οὶπω·

1036 4754 1071 4802 10
