2998 4998
679 349 718 409 47

100 535 158 602 τδν
186 536 321 600 πλοῦτον
349 539 404 609 τῆς
428 531 544 606 πόλεως
574 527 682 613 άρανς
707 533 851 598 usitatius
879 545 963 600 certe
991 533 1072 600 loret
1094 532 1146 600 τδν
1166 535 1298 604 πλοῦτον

102 663 164 730 τῆς
194 653 312 729 πόλεως
343 651 526 744 άρ(σάσ)αο.
573 651 718 743 Denique
745 652 972 745 supplendum:
998 651 1078 722 οὗτοι
1099 654 1156 745 (δὲ)
1179 653 1298 730 πάντες

103 777 175 842 κτὲ.
748 851 751 858 Α

151 897 280 987 Fragor.
319 895 453 964 XXXIV
489 894 573 985 (XX)
610 899 753 986 quamvis
788 895 878 966 valde
913 897 1062 988 exiguum
1095 918 1161 964 non
1191 908 1299 964 tamen

104 1017 229 1084 salsum
260 1019 357 1084 erasit
387 1016 590 1083 librariorum
619 1039 743 1084 manus.
792 1017 950 1086 Scribitur
979 1019 1065 1086 enim
1089 1018 1154 1084 sic:
1180 1031 1300 1099 τολνορ·

106 1139 260 1214 πάσαντες
291 1139 323 1204 δὲ
353 1138 499 1218 Ῥωμαῖοί
525 1137 578 1204 καὶ
607 1138 737 1221 Ἔρκτδρν
759 1139 896 1223 φρούριον
918 1137 1044 1226 μυριάσι
1075 1172 1121 1204 v-
1155 1137 1301 1206 Ιττοῦσον

106 1263 163 1328 οὐκ
183 1258 331 1342 ἴσχυσαν.
380 1257 522 1326 Verbum
542 1258 663 1340 ἰσχύειν
685 1258 770 1349 apud
793 1261 952 1350 sequiores
965 1272 1005 1328 et
1026 1258 1200 1326 Diodorum
1219 1281 1300 1349 quo·

108 1403 173 1470 qne
195 1403 289 1471 saepe
311 1379 397 1446 idem
420 1379 503 1446 salet
527 1402 564 1445 ac
587 1379 751 1458 δύνασθαι,
781 1381 889 1472 itaque
913 1381 1043 1448 fortasse
1065 1378 1298 1472 supplendum:

110 1499 219 1590 (ἑλεῖν)
256 1503 309 1568 οὔκ
344 1501 500 1583 ἵσχοσανς
528 1499 797 1590 quemadmodum
820 1501 897 1568 alibi
920 1502 1057 1570 scribere
1078 1501 1160 1570 solet
1183 1499 1303 1568 Diodo-

107 1645 162 1690 rus
191 1645 223 1690 τ.
257 1645 287 1688 c.
320 1623 354 1688 in
385 1621 443 1688 lib.
475 1620 627 1688 XXXVII
663 1622 703 1689 fr.
744 1622 777 1689 11
813 1645 846 1714 p.
880 1625 966 1689 172:
1000 1623 1096 1694 ’Iolao
1130 1622 1188 1704 μὲν
1210 1619 1302 1690 σάλον

107 1742 226 1826 άχνράν
257 1741 308 1809 lari
342 1743 440 1808 τολὺν
470 1741 577 1826 χρόνον
605 1744 861 1825 πολιορκήσαντες
891 1747 945 1810 οὐκ
970 1743 1151 1826 ἴσχυσαν
1180 1745 1300 1809 ἑλεῖν.

108 1864 184 1930 Post
214 1872 419 1930 luneuclrs
447 1861 541 1930 facile
578 1871 709 1928 ΕΛΕΙΝ
743 1863 828 1930 elabi
851 1864 989 1954 potuisse
1013 1865 1231 1953 unusquisque
1254 1863 1303 1928 ri-

106 1983 176 2052 det.
226 1983 318 2071 Quod
341 1983 381 2049 ad
404 1982 526 2050 castelli
547 2005 664 2050 nomen
682 1985 812 2065 Ἑρκτήν
835 1983 965 2064 attinet,
990 2005 1055 2050 non
1076 1983 1203 2052 aliarnde
1222 1982 1302 2050 mibi

107 2107 261 2172 innotuit.
309 2104 382 2172 Lib.
417 2104 510 2172 XXII
548 2105 662 2195 fragm.
697 2107 736 2170 21
775 2130 809 2197 p.
846 2108 887 2172 18
918 2129 965 2171 rs.
1002 2104 1222 2196 talogium:
1248 2104 1302 2172 κα)

106 2233 168 2294 τῶν
199 2228 357 2310 Ἐρκτῶν
384 2227 557 2310 κατασχὼν
580 2227 615 2293 τδ
638 2226 805 2309 ὀχύρωμα,
828 2225 885 2292 ubi
906 2226 1043 2317 intelligi
1065 2225 1218 2318 oppidum
1241 2225 1303 2292 Ρα-

108 2371 222 2414 normo
240 2349 382 2416 ricinum
405 2371 424 2415 e
447 2349 634 2439 praegressis
650 2347 755 2439 palam
767 2349 817 2414 fit.
843 2347 1068 2430 ΗίοΕἱρκτῶν,
1093 2348 1303 2429 ἰΠίοΕἱρκτδρν

108 2468 315 2536 scribendum
337 2467 461 2534 videtur
482 2480 611 2558 propter
634 2467 746 2556 Polyb.
771 2467 806 2548 I,
832 2472 874 2534 56
903 2470 921 2553 §
948 2474 980 2536 3.

158 2589 211 2656 Fr.
243 2589 381 2656 XXXV:
415 2588 607 2670 Ἀσδρούβας
638 2588 670 2655 δὲ
705 2589 719 2653 I
752 2589 927 2669 στρατνρχδς
948 2625 994 2638 -
1018 2586 1192 2669 άναζεάξας
1216 2583 1302 2666 μετά

108 2709 216 2786 τάσνς
253 2709 321 2799 (τῆς
357 2711 458 2776 insere
492 2721 642 2775 monente
672 2710 736 2774 iam
768 2708 944 2796 Iliadoslio)
969 2707 1126 2788 δυνάμεως
1146 2745 1192 2758 ·-
1212 2705 1302 2782 sitlos
1407 2701 1410 2709 ’

110 2833 156 2906 εἰς
171 2831 208 2896 ab
229 2831 265 2920 (l.
278 2830 344 2918 τὸν)
365 2830 522 2912 Πάνορμον
540 2830 592 2896 καὶ
616 2828 812 2910 διαβιβάσας
832 2831 942 2916 (αὐτὴν
961 2829 1075 2918 insere)
1094 2831 1146 2895 τδν
1162 2832 1305 2910 τοτοομδν

109 2953 165 3020 τὸν
181 2951 339 3031 σύνεγγυς
359 2951 426 3033 περὶ
446 2951 489 3018 τά
506 2951 599 3032 τείχη
620 2950 900 3032 ἐστρατοπέδευσε,
919 2953 1001 3032 μήτε
1021 2949 1202 3037 χαράκωμα
1220 2951 1303 3030 μήτε

110 3071 233 3155 τάφρον
260 3069 393 3150 τάξας
421 3071 472 3138 tot
495 3075 530 3138 τδ
553 3075 768 3174 καταφρονεῖν.
817 3072 934 3162 Aperte
956 3070 1143 3139 mendosum
1168 3053 1214 3138 est
1230 3094 1303 3161 par·

112 3195 261 3284 tioipium
282 3191 404 3270 τάξαςς
430 3216 504 3259 nam
527 3192 653 3260 τάττειν
676 3191 794 3278 τάφρον
817 3193 867 3260 vel
887 3191 1070 3276 χαράκωμα
1090 3215 1155 3258 uon
1172 3191 1304 3282 cogitari

114 3314 233 3382 nedum
266 3314 362 3382 scribi
391 3327 503 3406 potest.
552 3313 716 3382 Sententia
747 3315 832 3381 salsa
862 3327 895 3381 et
924 3315 1102 3381 Graecitate
1134 3313 1306 3381 rescribere

112 3437 225 3528 possis:
246 3437 330 3514 μήτε
346 3436 569 3518 χαρακάματο
592 3437 673 3516 μήτε
695 3435 822 3520 τάφρῳ
843 3434 975 3519 φράξας
999 3435 1066 3525 (τὴν
1086 3435 1307 3518 παρεμβολὴν)

112 3557 168 3626 διά
196 3558 233 3625 ri
255 3561 470 3640 καταφρονεῖν.
519 3556 575 3622 llst
598 3579 671 3624 vero
696 3556 757 3622 alia
780 3555 970 3622 emendandi
993 3557 1043 3622 aia
1062 3553 1164 3620 multo
1184 3553 1303 3633 lenior,

114 3700 215 3768 quam
247 3675 329 3744 mihi
362 3678 485 3768 apernit
507 3676 701 3756 observatio,
726 3677 760 3742 in
783 3675 832 3741 his
855 3675 1007 3766 excerptis
1030 3675 1143 3766 culpe,
1172 3675 1303 3768 opinor,

113 3799 334 3890 epitomatoris
364 3811 419 3864 ant
447 3797 649 3864 librariorum
673 3797 789 3887 passim
813 3795 876 3886 legi
898 3795 1033 3861 formam
1060 3795 1306 3866 semibarbarum

113 3917 179 3998 ἦξα
206 3941 264 4010 pro
293 3919 415 4000 ἤγαγον
442 3942 472 3984 a.
498 3941 526 3985 c.
552 3918 610 3985 lib.
635 3917 698 3997 IX,
723 3917 764 3988 fr.
791 3923 852 3982 11:
879 3913 910 3982 δν
928 3918 1065 3994 darsrcli
1073 3914 1144 3995 ξαν
1168 3919 1210 3994 εὶς
1234 3920 1304 3994 τοὺς

114 4041 202 4108 ἑκτά
231 4039 346 4126 σοφούς
378 4053 409 4106 et
440 4039 497 4106 lib.
532 4039 639 4119 XXV,
673 4039 713 4105 fr.
755 4043 815 4106 18:
853 4035 1015 4116 σννῆξαν
1047 4042 1124 4105 λαὸν
1153 4037 1305 4122 μυριάδας

115 4159 224 4228 εἴκοσι.
273 4161 338 4228 Fac
369 4161 467 4251 igitur
491 4160 567 4227 olim
594 4161 745 4250 scriptum
764 4160 859 4226 luisse
881 4159 952 4225 Ioco
975 4171 1081 4226 nostro
1104 4161 1186 4240 μήτε
1205 4159 1307 4243 χαρά-

115 4305 212 4360 κωμα
240 4281 323 4361 μήτε
354 4281 473 4365 τάφρον
507 4281 672 4362 άχαχὼν
706 4280 758 4348 διά
789 4286 825 4348 τδ
856 4285 1061 4364 καταφρονεῖν
1068 4302 1077 4356 ;
1109 4279 1222 4348 deiude
1249 4303 1307 4370 pro

115 4406 255 4484 άγαχάν
291 4402 493 4470 substitutam
528 4427 594 4470 esse
629 4403 763 4468 formam
797 4401 975 4492 sequiorem
1009 4399 1110 4480 άξας,
1143 4412 1175 4466 ct
1208 4401 1309 4468 lucilia

115 4525 258 4614 suspicio
289 4537 336 4592 est
367 4523 442 4590 hinc
477 4524 636 4614 vulgatam
660 4524 831 4592 lectionem
860 4520 961 4600 τάξας
982 4533 1091 4588 natam
1114 4545 1191 4587 esse.
1240 4522 1310 4588 IIoo

116 4647 196 4712 loco
231 4645 377 4714 idoneam
407 4657 518 4712 nactus
550 4647 745 4714 occasionem
772 4667 926 4741 apponam
951 4640 1119 4710 nonnullas
1143 4639 1310 4706 verborum
