2990 5012
778 399 818 464 26

323 590 428 656 ε’κεῖνο
453 595 587 670 θράττει
610 585 644 670 μ’
659 592 709 654 ὅτι
737 589 899 670 λέγουσιν.
929 585 965 656 εἶν’
981 601 1089 674 γαθή.

324 706 449 770 ἔνεστιν
476 709 511 769 ίν
537 711 663 790 κιθάρῳ
687 731 718 768 τι
742 711 853 770 κακόν.

280 814 332 882 Vs.
362 819 380 881 2
405 836 557 884 numeros
580 815 722 884 restituit
746 815 1034 904 Schweighaeuser
1055 817 1244 886 scribendo:

326 940 369 998 B.
395 937 523 1012 ἀγαθὸν
548 930 578 1013 γ’
594 939 612 998 o‘
630 938 765 1017 κίθαρος
790 940 844 1000 καί
870 943 948 1018 πρὸς
967 935 1181 1012 ’Λπόλλωνος
1200 945 1289 1003 πάνυ

325 1053 428 1114 ἐκεῖνο
457 1057 589 1132 θράττει
614 1049 646 1132 μ’
674 1057 740 1115 etl.

233 1181 297 1250 qua
331 1161 532 1228 correctione
567 1174 696 1250 recepta
732 1161 874 1230 lleinelre
899 1163 1030 1231 adnotat
1057 1184 1135 1252 aper
1169 1163 1357 1251 Apollinem

234 1277 359 1346 iurvvt.’'
408 1275 495 1344 Scire
518 1287 627 1344 autem
657 1277 811 1365 pervelim
842 1278 947 1368 primo
972 1279 1143 1346 cuiusnam
1172 1278 1213 1346 sit
1236 1279 1358 1366 logices

234 1413 292 1480 por
323 1393 489 1480 copulam,
525 1413 590 1460 nou
622 1414 681 1482 per
707 1393 898 1482 particulam
934 1393 1184 1470 adversativam,
1223 1393 1359 1480 iungere

232 1507 347 1576 laetam
372 1507 635 1577 exclamationem
655 1513 785 1592 ἀγαθόν
807 1509 872 1591 γ’ίὸ
889 1517 1023 1596 κίθαρος
1041 1531 1116 1577 cum
1133 1509 1278 1578 tristibus
1296 1509 1358 1577 illis

234 1633 321 1692 πάνυ
353 1629 457 1692 ἐκεῖνο
488 1634 620 1709 θράττει
652 1629 692 1710 μ’,
723 1625 868 1692 secundo
901 1625 1071 1694 cuiusnam
1100 1625 1142 1693 sit
1170 1625 1359 1694 Graecitatis

162 1797 166 1808 .
234 1745 312 1824 πρὸς
336 1740 566 1817 Ἀπόλλωνος,
591 1740 679 1827 quod
703 1741 901 1808 obsecrantis
924 1753 990 1819 est,
1017 1761 1137 1830 ponere
1163 1761 1221 1829 pro
1239 1751 1277 1826 νὴ
1302 1749 1357 1810 τὸν

235 1853 404 1931 Ἀπόλλω,
435 1853 522 1940 quod
554 1863 603 1920 est
628 1855 856 1922 asseverantis.
905 1854 999 1923 Certo
1030 1868 1139 1923 autem
1164 1855 1284 1923 certius
1309 1865 1360 1921 est

234 1969 352 2036 nullam
377 1989 512 2060 prorsus
537 1968 729 2038 sententiam
747 1969 853 2038 locum
878 1970 921 2038 ita
940 1971 1152 2040 constitutum
1178 1971 1357 2040 continere.

235 2080 339 2160 Quare
363 2084 528 2173 suspicor:

281 2209 325 2267 B.
352 2205 484 2283 ἀγαθὸν
505 2200 569 2282 y’o‘
591 2206 726 2287 κίθαρος
750 2209 804 2268 καί
826 2211 904 2288 πρὸς
924 2200 1152 2281 Ἀπόλλωνος.

1016 2325 1066 2386 A.
1096 2328 1184 2388 πάνυ
1209 2317 1237 2386 θ’

280 2435 383 2497 lustro
409 2440 540 2516 θράττει
564 2433 596 2516 μ’
613 2436 663 2498 ὅτι
690 2433 853 2514 λέγουσιν,
890 2427 1041 2516 ὦ’γαθή.

279 2549 404 2614 ἔνεστιν
430 2551 464 2614 ἐν
490 2557 616 2633 κιθάρῳ
639 2576 671 2614 τι
697 2548 778 2632 (καί)
806 2556 918 2616 κακόν.

234 2658 266 2725 in
292 2657 409 2745 quibus
434 2667 489 2727 καί
512 2660 649 2728 debetur
676 2660 831 2728 Meinekii.
879 2661 972 2742 Quod
997 2661 1029 2729 in
1055 2661 1176 2730 ultimis
1200 2683 1359 2731 memora·

235 2785 287 2841 tur
310 2773 536 2864 proverbium,
560 2775 621 2842 uisi
643 2777 741 2854 lallor,
767 2775 926 2864 significat
950 2778 1001 2844 vel
1028 2778 1160 2864 optimis
1182 2779 1276 2845 retro
1294 2780 1359 2844 oli-

153 2869 162 2882 *
234 2889 316 2978 preld
346 2890 429 2956 mcxli
460 2891 644 2958 adulantum
676 2912 750 2958 esce.
798 2899 888 2978 Πρὸς
916 2894 1129 2973 ’Λπόλλωνος
1157 2892 1360 2960 l1.l.inter-

232 3005 423 3092 pretandum
454 3007 727 3093 quemadmodum
764 3005 970 3074 Homericum
996 3006 1074 3074 illud
1098 3015 1176 3092 πρὸς
1203 3017 1279 3086 Διὸς
1301 3007 1359 3076 od.

234 3123 262 3186 6.
289 3125 370 3200 207;
396 3124 447 3186 14.
473 3125 525 3188 57.

279 3235 441 3301 llssltlllPPl
466 3245 687 3323 Στρατιοντὼν
711 3236 748 3303 st'.
773 3257 824 3324 ap.
852 3235 1046 3325 Hesychiuttt
1073 3236 1091 3302 i.
1115 3259 1144 3303 v.
1173 3247 1358 3308 πάνικτον.·

275 3351 362 3426 Ὥρα
384 3357 496 3420 τοίνυν
520 3352 588 3435 μετ’
618 3360 692 3437 ἐμοῦ
719 3364 830 3440 χωρεῖν
854 3359 909 3421 τὸν
933 3365 1106 3438 κιοπητῆρα
1132 3354 1279 3440 λαβόντα

278 3472 331 3530 καί
357 3468 628 3549 προσκεφάλαιον,
654 3466 697 3534 l'v'
724 3473 754 3544 ἐς
772 3476 830 3552 τὴν
849 3479 929 3536 ναῦν
948 3471 1132 3554 ἐμπηδήσας
1154 3472 1322 3556 ῥοθιάζῃς.
1359 3548 1362 3554 Ι

278 3589 321 3648 B.
349 3580 420 3646 ἀλλ’
446 3583 482 3646 οι)
505 3584 618 3665 δέομαι
645 3589 859 3651 πανικτόν
892 3585 973 3670 ἔχων
1007 3589 1062 3650 τὸν
1087 3589 1235 3668 πρωκτὸν
1260 3610 1359 3668 προο-

1115 3699 1310 3780 κεφαλαίου.

277 3809 394 3898 Lepide
420 3822 511 3900 poeta
538 3811 726 3899 perstringit
749 3812 887 3878 abusum
912 3809 1058 3878 vocabuli
1078 3813 1354 3897 προσκεφάλαιον,

231 3925 319 4012 quod
344 3937 468 3992 mature
491 3947 508 3994 a
533 3924 663 3992 Graecis
684 3924 835 4014 usurpari
859 3903 1010 4013 coeptum
1028 3934 1077 3992 est
1094 3943 1153 4012 pro
1169 3929 1356 4012 ὑπηρέσιον.

230 4038 311 4116 Ouid
336 4052 444 4106 autom
469 4040 529 4108 sibi
546 4040 620 4106 velit
644 4040 749 4130 ipsum
776 4040 853 4107 illud
870 4048 1097 4117 πανικτόν,
1115 4039 1149 4106 in
1170 4037 1264 4107 cuius
1283 4061 1354 4126 gra-

232 4155 306 4222 tiam
332 4156 421 4222 locus
457 4157 496 4223 ab
529 4156 688 4245 llesyclvio
711 4155 859 4236 affertur,
891 4177 986 4224 nemo
1008 4175 1151 4242 unquam
1175 4154 1351 4242 intelleget.

231 4272 292 4338 λιιι
318 4272 416 4350 l'allor,
442 4283 514 4350 aut,
540 4271 627 4359 quod
653 4271 832 4338 sexcenties
858 4269 1080 4339 Grammaticis
1105 4269 1241 4350 accidit,
1262 4269 1355 4336 etiam

231 4386 261 4451 lv.
286 4387 306 4451 l.
339 4386 502 4475 corruptis
536 4385 585 4453 usi
619 4397 694 4452 sunt
719 4385 968 4474 exemplaribus.
1016 4385 1103 4452 [luce
1127 4383 1214 4451 enim
1238 4385 1354 4450 laurum

232 4519 384 4570 versuum
410 4501 566 4572 sententia
591 4513 623 4570 et
640 4501 710 4568 loco
728 4501 869 4592 quodam
888 4499 1040 4572 Herodoti
1050 4529 1063 4581 ,·
1076 4498 1169 4568 cuius
1187 4499 1355 4570 commode
