2990 5012
798 521 842 588 22

792 709 811 786 ἣ
835 732 869 772 τε
893 710 941 771 σιί
948 731 1024 772 ννο
1033 732 1107 790 μσς

483 825 539 902 τῆς
565 821 758 904 κυφονώτου
783 819 860 903 σῶμ’
885 817 1005 906 ἔχουσα
1030 822 1148 905 σηπίας

483 933 690 1020 ξιφηφόροισι
716 937 825 1021 χερσίν
850 933 1075 1018 ἐξωπλισμένη

483 1050 598 1124 τευθίς

262 1163 290 1230 si
320 1161 397 1247 quid
426 1162 539 1228 horum
569 1163 727 1248 intelligo,
760 1165 920 1245 σόννομος
951 1161 1205 1247 coniungendam
1237 1167 1285 1230 est
1311 1183 1384 1230 eum

264 1279 368 1357 σῶμα,
400 1274 535 1359 ideoque
566 1281 687 1343 mutata
708 1277 799 1344 litera
821 1276 1057 1344 resoribendum
1081 1280 1308 1359 σύννομον.
1334 1278 1386 1342 Ita

264 1389 349 1455 enim
379 1391 415 1452 τό
447 1387 519 1471 ἑξῆς
550 1389 610 1456 hoo
633 1390 708 1456 erit:
733 1393 751 1470 ἢ
776 1415 809 1455 τε
835 1393 949 1466 τευθίς
974 1389 1051 1473 σῶμ’
1077 1389 1196 1476 ἔχουσα
1220 1397 1383 1472 σύννομον

263 1512 320 1585 τῆς
345 1507 538 1586 κυφονώτου
562 1505 691 1588 σηπίας.
717 1505 799 1572 Hine
822 1505 916 1572 simul
937 1512 1068 1592 apparet
1086 1505 1198 1572 falsam
1215 1505 1384 1591 esseKop·

263 1617 388 1706 piersii‚
412 1621 583 1704 prosopa
608 1625 713 1704 σχῆμα
738 1619 942 1706 suspicantis,
967 1619 1156 1706 opinionem.

308 1847 386 1930 Pag.
412 1845 485 1911 134.
509 1845 662 1912 Eiusdem
684 1845 777 1912 Fab.
801 1847 883 1913 Ine.
906 1845 944 1912 fr.
967 1846 1023 1912 IV.
1046 1845 1068 1911 5
1091 1867 1170 1931 sqq.:

296 1956 298 1962 ’
399 1962 455 2024 τοῦ
479 1961 538 2042 μὲν
563 1963 652 2024 πιεῖν
677 1961 738 2042 γὰρ
764 1961 819 2024 καί
845 1965 965 2043 φαγεῖν
990 1961 1048 2034 τὰς
1071 1957 1192 2041 ἡδονὰς

399 2071 513 2158 ἔχομεν
539 2073 664 2155 ὁμοίας·
692 2073 763 2159 οὐχί
788 2080 857 2149 τοῖς
882 2073 1058 2159 λαμπροῖσι
1084 2071 1118 2136 rie*

400 2185 547 2260 δείπνοις
572 2187 608 2251 τό
632 2193 750 2267 πεινῆν
775 2190 928 2252 παιίεται.

309 2299 455 2368 Absurde
485 2299 660 2386 splendidis
689 2301 796 2367 eoenis
826 2321 872 2368 vs.
903 2300 1014 2366 ultimo
1048 2299 1218 2385 derogatur
1251 2301 1387 2367 satiandi

265 2420 415 2502 potestas.
439 2413 524 2507 Quid
545 2419 652 2480 eutem
674 2419 768 2499 poeta
790 2413 925 2480 voluerit
944 2435 962 2480 e
981 2415 1178 2500 praegressis
1195 2413 1314 2498 liquido
1330 2436 1387 2500 po-

265 2535 328 2595 test
357 2547 517 2614 apparere.
548 2527 682 2594 Dixerat
711 2527 795 2594 enim
826 2527 952 2594 divitias
982 2526 1200 2594 tautummodo
1221 2533 1389 2614 propterea

266 2639 461 2727 expetendas
484 2661 571 2725 esse,
595 2639 681 2726 quod
700 2639 815 2708 divites
833 2642 946 2707 meiius
961 2640 1085 2727 possint
1101 2639 1251 2708 adiurare
1268 2642 1388 2710 arnioos

266 2773 362 2839 quam
384 2774 550 2841 pauperes.
576 2755 686 2840 „Nam
708 2754 821 2821 iisdem
829 2753 860 2838 ,'’
885 2755 930 2820 ait
951 2773 1089 2840 „omnes
1108 2754 1252 2822 homines
1271 2754 1387 2821 edendi
1465 2775 1466 2798 ³

269 2873 391 2954 „atque
431 2867 559 2934 bibendi
601 2867 733 2934 fruimur
766 2867 1013 2955 voluptatibus.”
1049 2867 1259 2952 Sequentibus
1291 2867 1390 2951 igitur

267 2983 339 3067 οὐχί
361 3019 404 3029 -
424 2983 561 3046 παύεται
593 2983 663 3067 quis
694 3003 823 3066 seusus,
855 3003 987 3066 quaeso,
1010 2983 1115 3049 inesse
1136 2988 1241 3068 potest
1262 2989 1389 3068 praeter

266 3096 351 3162 huno
383 3095 596 3182 „splendidis
624 3096 703 3162 nihii
731 3115 811 3181 opus
843 3116 914 3162 esse
937 3095 1086 3182 dapibus,
1111 3095 1157 3161 uti
1179 3095 1294 3162 famem
1316 3097 1389 3180 quis

269 3207 522 3296 „compescat”?
541 3207 634 3287 Quod
652 3229 672 3276 a
690 3215 785 3294 poeta
804 3207 1001 3276 enuntiatum
1020 3229 1090 3276 esse
1108 3215 1184 3295 puto
1204 3209 1263 3276 hoo
1274 3209 1387 3277 modo:
1464 3209 1465 3285 i

799 3321 871 3408 οὐχί
896 3329 964 3398 τοῖς
989 3321 1165 3407 λαμπροῖσι
1190 3320 1224 3386 όὲ

446 3433 606 3524 (μόνοισι)
631 3433 815 3502 δείπνοισιν
840 3437 877 3501 τό
901 3443 1018 3518 πεινῆν
1043 3440 1195 3502 παείεται.

311 3665 390 3749 Peg.
415 3664 489 3731 147.
513 3664 606 3730 Fab.
630 3663 712 3730 Ino.
736 3663 773 3730 fr.
797 3663 958 3730 XXXVI:

289 3780 387 3843 Ἐπεί
412 3775 440 3840 ‹i'
465 3779 483 3841 ό
506 3778 640 3862 τρίπους
664 3781 764 3863 ἤρθη,
791 3781 898 3842 κατὰ
923 3777 1078 3864 χειρῶν
1103 3775 1131 3840 τ’
1156 3778 1341 3864 εἴχομεν.

311 3893 362 3959 Ita
390 3893 470 3960 haee
491 3894 589 3960 verba
609 3893 760 3978 leguntur
781 3891 867 3979 apud
889 3892 1090 3960 Athenaeum
1113 3893 1156 3959 II.
1180 3913 1210 3979 p.
1234 3893 1302 3959 tob.
1325 3893 1386 3959 Ve-

267 4027 338 4074 rum
360 4006 545 4074 Eusiathius
566 4006 608 4073 ad
630 4005 721 4073 Iliad.
744 4028 776 4093 p.
801 4006 875 4073 740.
898 4009 956 4074 16:
977 4011 1116 4091 παράγει
1136 4005 1169 4096 (ό
1181 4006 1386 4096 Ἀθήναιος)

267 4121 323 4185 aui
354 4120 571 4204 Ἀντιφάνην
604 4123 753 4188 εἰπόντα·
787 4121 883 4186 Ἐπεί
909 4119 937 4185 δ’
963 4123 981 4184 ό
1003 4122 1139 4206 τρίπους
1161 4124 1261 4208 ἤρθη,
1288 4145 1386 4186 τουτ-

268 4235 358 4300 έστιν
383 4242 404 4317 ἦ
427 4235 584 4318 τράπεζα,
610 4238 717 4300 κατὰ
742 4237 895 4322 χειρῶν
917 4235 1107 4323 ε’χέομεν,
1130 4239 1231 4316 ἤγουν
1254 4237 1386 4302 ίνιπτό-
