2932 5004
777 350 837 418 ms

207 537 340 618 λιμένων
364 563 405 618 γε
429 538 479 606 καί
502 538 672 618 δυναμένων
696 537 736 604 εὖ
757 548 898 614 ποιῆσαι,
925 541 978 603 οὐκ
999 535 1172 619 ἑλοίχιοτα
1192 539 1255 604 κτὲ.
1292 543 1395 628 Quem

207 658 312 724 locum
348 659 514 750 adscripsi,
546 673 595 724 ut·
611 659 705 724 simul
737 660 940 748 corrigerem
976 681 1050 724 num
1081 661 1242 742 κακοπαθῇ
1274 661 1394 751 duplici

206 782 334 845 nomine
375 781 535 860 vitiosum3
581 781 753 868 requiritur
787 779 893 857 enim,
931 791 965 844 ut
1000 777 1115 844 docent
1150 780 1392 868 praecedentia,

207 902 368 981 doristus,
401 914 448 980 et,
475 914 510 966 ut
534 913 663 990 apparet
686 923 722 966 er
748 901 889 990 opposito
915 897 956 966 εὖ
980 901 1211 976 πείσεσθαι,
1235 923 1299 966 non
1323 925 1394 966 rer·

203 1021 280 1086 bum
300 1024 485 1088 κακοπαθεῖν
512 1021 577 1108 (oui
605 1022 722 1111 opponi
753 1021 830 1086 solet
854 1020 1011 1110 debetque
1032 1021 1193 1108 εὐπαθεῖν)
1216 1021 1268 1088 sed
1289 1031 1392 1096 κακῶς

203 1141 351 1224 ποίοχειν.
401 1140 650 1206 Rescribendum
682 1153 728 1206 est
758 1165 851 1230 ergo:
887 1144 942 1222 ὑφ’
975 1138 1011 1205 ὧν
1040 1143 1103 1222 γαρ
1131 1141 1169 1206 ίίν
1198 1167 1244 1214 τις
1273 1144 1394 1225 οφοῒρα

202 1268 331 1334 κακῶς
356 1263 461 1344 ποίίρ
486 1263 549 1326 κτὲ.

246 1383 322 1472 Peg.
354 1388 417 1461 33,
446 1381 523 1448 ibid.
550 1381 573 1470 §
599 1386 664 1446 21:
692 1379 736 1448 ὅτι
765 1385 789 1448 oi
814 1389 957 1462 Ῥωμαῖοι
981 1391 1044 1457 τοῖς
1068 1384 1236 1454 Σαυνίταις
1260 1385 1321 1466 οὐχ
1346 1381 1392 1449 ίτι

202 1502 294 1586 χοίριν
329 1505 398 1600 τινίι
428 1511 483 1578 τῆς
512 1509 612 1582 γοῦν
635 1510 693 1569 τῶν
717 1503 892 1570 ἓκδοίέντων
916 1505 1063 1586 σωτηρίας
1088 1504 1180 1588 ἔσχον
1201 1507 1265 1572 κτὲ.
1313 1505 1392 1570 Pur·

201 1623 330 1690 ticulem
365 1628 438 1701 γοῦν
475 1623 507 1690 h.
538 1624 560 1690 l.
594 1625 688 1714 plene
729 1626 862 1691 inertem
892 1625 1055 1692 iubeamus
1096 1627 1242 1702 exulare,
1278 1638 1391 1715 utpote

198 1767 256 1834 per
285 1743 527 1833 dittographiom
550 1769 567 1810 e
591 1747 735 1834 sequenti
759 1746 892 1811 articulo
916 1745 1096 1825 oriundam3
1124 1745 1298 1834 eademque
1321 1771 1389 1812 sors

199 1866 360 1955 continget
382 1867 512 1932 voculae
536 1869 565 1931 ἐν
587 1868 619 1931 in
643 1867 766 1934 serbis:
795 1867 830 1932 τὸ
853 1868 916 1948 χίιρ
940 1867 1053 1932 δίκαιον
1078 1869 1130 1932 οὐκ
1154 1871 1187 1933 ὲκ
1210 1872 1264 1932 τοῦ
1285 1869 1390 1945 ὁμοίου

197 1987 240 2067 τῷ
271 1986 451 2068 νομιζομένῳ
475 1987 527 2052 καί
555 1987 611 2075 [ἓν]
639 1995 701 2062 τοῖς
726 1984 831 2058 ίτλοις
855 1991 894 2060 είς
919 1989 1028 2063 πλήθει
1055 1990 1197 2068 κρίνεται.
1248 1989 1387 2055 Sensus:

198 2110 322 2171 etenim
352 2110 408 2170 ius
440 2107 538 2170 Ιιωωιί
563 2112 655 2196 pari
688 2108 785 2172 modo
814 2109 945 2196 legibus
969 2117 1074 2195 atque
1098 2113 1210 2172 armis
1228 2110 1389 2198 plerum·

198 2249 262 2315 que
289 2225 443 2306 dicitur,
470 2227 738 2316 quemadmodum
762 2230 854 2293 vertit
878 2229 990 2292 Maius.
1041 2227 1146 2292 Verba
1169 2229 1271 2318 primu
1291 2229 1389 2294 huius

198 2347 354 2434 excerpti,
394 2369 475 2435 quae
505 2370 599 2436 supra
623 2347 791 2436 descripsi,
817 2348 1044 2413 continuentur
1067 2349 1099 2412 in
1121 2346 1208 2413 hunc
1231 2347 1386 2415 modum:

197 2469 271 2538 αλλ’
302 2464 400 2548 ίίτπερ
431 2494 461 2533 τι
492 2470 583 2534 δεινὸν
614 2471 648 2533 ix
675 2469 782 2534 τούτου
812 2469 960 2541 παίίντες
993 2470 1067 2550 ὀργῇ
1099 2493 1135 2532 τε
1166 2470 1217 2533 τὸν
1250 2469 1389 2549 πόλεμον

196 2589 374 2664 ἐποιήσαντο
406 2591 470 2654 κτὲ.
519 2589 704 2654 Ancorarius
729 2601 813 2654 certe
835 2589 1042 2654 scriberetur:
1069 2589 1142 2670 ὀργῇ
1167 2613 1201 2653 τε
1225 2588 1387 2668 μείζονι

196 2709 245 2774 rel
268 2709 426 2774 πλείονι
450 2711 512 2774 κτὲ.

240 2827 316 2918 Peg.
350 2833 392 2895 34
425 2828 448 2918 §
481 2835 543 2895 282
577 2827 623 2895 ὅτι
653 2833 668 2895 o‘
700 2826 805 2909 ίμιλος
837 2829 903 2909 περὶ
927 2835 982 2902 τῆς
1005 2830 1157 2908 μαντείας
1182 2839 1385 2912 παραχρῆμα

194 2949 250 3028 μὲν
273 2952 333 3014 οὔθ’
357 2944 435 3022 ὅπως
461 2951 610 3034 πιοτειίοχ
632 2950 693 3016 οὔθ’
716 2951 796 3025 ὅπως
821 2952 979 3031 οίπιοτήορρ
1006 2951 1089 3030 αὐτῷ
1113 2945 1209 3030 εἶχεν·
1235 2951 1385 3034 οὔτεγὰρ

194 3071 328 3152 ἐλπίζειν
352 3068 498 3135 ποίντων
523 3072 687 3150 ε’βοείλετο,
711 3068 756 3137 ἔτι
780 3072 858 3150 μηδὲ
883 3069 1024 3149 γενέσθαι
1045 3070 1152 3135 πάντα
1171 3073 1292 3146 ἥίελεν,
1315 3075 1384 3138 οὔτ’
1456 3083 1457 3146 ἶ

193 3188 233 3257 αὖ
270 3193 412 3256 οίπιοτεῑν
447 3189 565 3257 οίπαοιν
601 3193 731 3270 ἐτόλμα.
792 3177 936 3280 impense
973 3191 1069 3254 miror
1105 3189 1282 3256 Beldierum
1317 3215 1384 3259 non

192 3311 394 3377 emendasse:
421 3309 574 3391 οὔτεγὰρ
599 3312 735 3393 ἐλπίζειν
760 3311 883 3376 πάντα
907 3313 1054 3390 ἐβούλετο
1079 3313 1142 3375 κτὲ.

237 3432 312 3522 Peg.
347 3435 407 3509 39,
441 3436 482 3496 40
511 3431 535 3520 3
571 3437 628 3498 12:
662 3435 737 3498 “Ori
771 3434 919 3511 διαβολὴν
944 3435 1008 3498 ἀπ’
1032 3435 1164 3498 αὐτῶν
1187 3435 1213 3498 οἱ
1237 3437 1386 3512 Ῥωμαῖοί

189 3575 258 3619 τινα
290 3549 399 3635 ἔσχον,
424 3552 536 3634 μέχρις
560 3550 594 3618 οὔ
613 3553 776 3630 ἐπεξῆλθον
797 3557 912 3626 αὐτοῖς.
959 3553 1144 3642 Legendum
1170 3575 1243 3620 curn
1264 3555 1384 3644 palim-
1456 3529 1457 3576 3

188 3687 308 3763 psesto:
332 3674 407 3740 ‘Ort
432 3675 579 3753 διαβολὴν
603 3676 659 3740 οίπ·
683 3677 782 3739 αὐτῶν
803 3677 827 3738 οἱ
846 3681 989 3750 Ῥωμαῖοι
1013 3674 1155 3758 χρόνον
1179 3674 1248 3740 τινα
1267 3659 1383 3757 ἔσχον,

187 3795 253 3859 τὸν
280 3793 375 3876 μέχρι
407 3791 441 3858 οὗ
472 3797 535 3860 κτὲ.
584 3794 696 3883 Neque
729 3805 835 3858 tamen
864 3792 914 3857 rel
938 3793 983 3856 sic
1007 3793 1113 3858 locurn
1136 3795 1209 3858 saris
1232 3797 1380 3886 expedio.
1456 3781 1457 3864 J

188 3914 257 3980 Hoc
284 3929 405 3981 certum
427 3930 473 3982 est
498 3916 616 3982 Maium
641 3916 775 4005 pessime
798 3915 1020 4003 interpretari:
1049 3913 1154 3979 donec
1179 3919 1227 4016 iis
1253 3941 1381 4007 srsppe-
1456 3927 1457 3994 ζ

187 4039 261 4100 tias
303 4038 481 4114 tulerunt,
526 4059 599 4101 nnrn
644 4036 763 4101 Graeca
806 4035 985 4124 significent
1020 4036 1123 4124 ipsum
1158 4039 1375 4104 eontrarium:
1456 4109 1457 4136 ,

185 4156 290 4221 donec
313 4155 485 4220 adversus
510 4179 566 4220 eos
583 4155 743 4247 profecti
768 4165 849 4220 sunt
873 4157 895 4220 i.
922 4180 950 4222 e.
977 4155 1078 4222 donec
1100 4156 1221 4222 bellum
1241 4159 1277 4222 iis
1290 4159 1380 4224 intu-

183 4277 299 4342 lerunt.
350 4275 443 4344 Unde
472 4279 562 4355 satis,
593 4289 629 4342 ut
664 4277 795 4366 opinor,
822 4289 952 4366 apparet
975 4277 1195 4366 intelligendos
1222 4301 1287 4344 esse
1313 4279 1378 4345 Tu-
1456 4297 1457 4364 j

184 4398 331 4462 rentinos.
382 4397 430 4464 Ne
457 4399 537 4464 sorte
560 4400 629 4487 quis
654 4399 712 4464 ὑπ’
737 4401 838 4464 αὐτῶν
862 4397 1063 4464 scribendum
1088 4423 1154 4466 esse
1178 4402 1377 4490 suspicetur,

185 4513 357 4582 adscribam
393 4519 536 4608 reliqua:
576 4522 648 4600 πρὸς
684 4521 747 4602 γὰρ
782 4523 825 4588 τίν
860 4521 952 4604 μείζω
989 4521 1040 4586 καί
1074 4522 1146 4602 πρὸς
1176 4523 1218 4586 τίν
1251 4526 1380 4600 μᾶλλον

185 4637 411 4712 κατεπείγοντα
433 4640 588 4722 οίοχολίαν
611 4639 758 4721 τίνοντες,
791 4643 876 4724 παρα
901 4644 1004 4725 μικρόν
1028 4667 1135 4709 τισιν
1165 4643 1247 4709 αὐτοὶ
1277 4651 1373 4708 ποιεῖ-
