<?xml version="1.0" encoding="UTF-8"?>
<!DOCTYPE html PUBLIC "-//W3C//DTD XHTML 1.0 Transitional//EN"
    "http://www.w3.org/TR/xhtml1/DTD/xhtml1-transitional.dtd">
<html xmlns="http://www.w3.org/1999/xhtml" xml:lang="en" lang="en">
 <head>
  <title>
</title>
<meta http-equiv="Content-Type" content="text/html;charset=utf-8" />
  <meta name='ocr-system' content='tesseract 3.04.00' />
  <meta name='ocr-capabilities' content='ocr_page ocr_carea ocr_par ocr_line ocrx_word'/>
</head>
<body>
  <div class='ocr_page' id='page_1' title='image "./exercitationesc02herwgoog/exercitationesc02herwgoog_0122.png"; bbox 0 0 2932 5004; ppageno 0'>
   <div class='ocr_carea' id='block_1_1' title="bbox 118 547 1256 628">
    <p class='ocr_par' dir='ltr' id='par_1_1' title="bbox 17 475 1256 652">
     <span class='ocr_line' id='line_1_1' title="bbox 118 547 1256 628; baseline 0 -14"><span class='ocrx_word' id='word_1_1' title='bbox 118 547 198 614; x_wconf 81' lang='lat' dir='ltr'><strong>Lete</strong></span> <span class='ocrx_word' id='word_1_2' title='bbox 221 547 333 613; x_wconf 75' lang='lat' dir='ltr'><strong>vitium</strong></span> <span class='ocrx_word' id='word_1_3' title='bbox 357 549 411 615; x_wconf 84' lang='lat' dir='ltr'><strong>sed</strong></span> <span class='ocrx_word' id='word_1_4' title='bbox 434 549 607 628; x_wconf 88' lang='lat' dir='ltr'><strong>eiusmodi,</strong></span> <span class='ocrx_word' id='word_1_5' title='bbox 635 563 670 615; x_wconf 89' lang='lat' dir='ltr'><strong>ut</strong></span> <span class='ocrx_word' id='word_1_6' title='bbox 693 552 815 616; x_wconf 88' lang='lat' dir='ltr'><strong>mireris</strong></span> <span class='ocrx_word' id='word_1_7' title='bbox 839 549 946 616; x_wconf 87' lang='lat' dir='ltr'><strong>doctos</strong></span> <span class='ocrx_word' id='word_1_8' title='bbox 971 549 1114 616; x_wconf 88' lang='lat' dir='ltr'><strong>homines</strong></span> <span class='ocrx_word' id='word_1_9' title='bbox 1134 549 1256 614; x_wconf 86' lang='lat' dir='ltr'><strong>tamdiu</strong></span> 
     </span>
    </p>
   </div>
   <div class='ocr_carea' id='block_1_2' title="bbox 17 668 1263 4752">
    <p class='ocr_par' dir='ltr' id='par_1_2' title="bbox 17 653 1263 4752">
     <span class='ocr_line' id='line_1_2' title="bbox 81 668 1256 758; baseline 0.003 -27.793"><span class='ocrx_word' id='word_1_10' title='bbox 81 668 180 734; x_wconf 87' lang='lat' dir='ltr'><strong>Iallere</strong></span> <span class='ocrx_word' id='word_1_11' title='bbox 210 671 368 758; x_wconf 88' lang='lat' dir='ltr'><strong>potuisse,</strong></span> <span class='ocrx_word' id='word_1_12' title='bbox 400 669 600 736; x_wconf 83' lang='lat' dir='ltr'><strong>eximendum</strong></span> <span class='ocrx_word' id='word_1_13' title='bbox 624 695 641 736; x_wconf 88' lang='lat' dir='ltr'><strong>e</strong></span> <span class='ocrx_word' id='word_1_14' title='bbox 664 672 704 736; x_wconf 90' lang='lat' dir='ltr'><em>fr.</em></span> <span class='ocrx_word' id='word_1_15' title='bbox 730 670 853 736; x_wconf 82' lang='lat' dir='ltr'>XXXII</span> <span class='ocrx_word' id='word_1_16' title='bbox 883 669 1041 757; x_wconf 81' lang='lat' dir='ltr'>(XXIII):</span> <span class='ocrx_word' id='word_1_17' title='bbox 1068 673 1256 750; x_wconf 89' lang='grc' dir='ltr'><em>παρακαλῶν</em></span> 
     </span>
     <span class='ocr_line' id='line_1_3' title="bbox 81 791 1256 873; baseline 0.003 -21"><span class='ocrx_word' id='word_1_18' title='bbox 81 796 265 872; x_wconf 80' lang='grc' dir='ltr'><em>σωφρονῆσαι</em></span> <span class='ocrx_word' id='word_1_19' title='bbox 289 791 342 855; x_wconf 78' lang='grc' dir='ltr'><em>καί</em></span> <span class='ocrx_word' id='word_1_20' title='bbox 366 797 438 856; x_wconf 91' lang='grc' dir='ltr'><em>τῶν</em></span> <span class='ocrx_word' id='word_1_21' title='bbox 462 792 644 858; x_wconf 70' lang='grc' dir='ltr'><em>νεανίσκων</em></span> <span class='ocrx_word' id='word_1_22' title='bbox 667 791 807 873; x_wconf 81' lang='grc' dir='ltr'><em>ἓκύτερον</em></span> <span class='ocrx_word' id='word_1_23' title='bbox 830 792 898 857; x_wconf 82' lang='grc' dir='ltr'><em>τὸν</em></span> <span class='ocrx_word' id='word_1_24' title='bbox 918 793 991 871; x_wconf 85' lang='grc' dir='ltr'><em>παρ’</em></span> <span class='ocrx_word' id='word_1_25' title='bbox 1011 792 1121 856; x_wconf 79' lang='grc' dir='ltr'><em>ἑαυτοῦ</em></span> <span class='ocrx_word' id='word_1_26' title='bbox 1138 791 1256 871; x_wconf 86' lang='grc' dir='ltr'><em>διαχει-</em></span> 
     </span>
     <span class='ocr_line' id='line_1_4' title="bbox 17 911 1003 994; baseline 0.002 -20"><span class='ocrx_word' id='word_1_27' title='bbox 17 943 18 984; x_wconf 71' lang='lat'>;</span> <span class='ocrx_word' id='word_1_28' title='bbox 80 911 231 991; x_wconf 77' lang='grc' dir='ltr'><em>ρισύμενον</em></span> <span class='ocrx_word' id='word_1_29' title='bbox 255 913 322 976; x_wconf 80' lang='grc' dir='ltr'><em>ιιτὲ.</em></span> <span class='ocrx_word' id='word_1_30' title='bbox 370 911 471 977; x_wconf 93' lang='lat' dir='ltr'><em>Immo</em></span> <span class='ocrx_word' id='word_1_31' title='bbox 493 935 586 978; x_wconf 78' lang='lat' dir='ltr'><strong>vero:</strong></span> <span class='ocrx_word' id='word_1_32' title='bbox 612 919 685 978; x_wconf 86' lang='grc' dir='ltr'><em>τῶν</em></span> <span class='ocrx_word' id='word_1_33' title='bbox 708 913 781 994; x_wconf 89' lang='grc' dir='ltr'><em>παρ’</em></span> <span class='ocrx_word' id='word_1_34' title='bbox 805 915 915 978; x_wconf 82' lang='grc' dir='ltr'><em>ἑαυτοῦ</em></span> <span class='ocrx_word' id='word_1_35' title='bbox 939 913 1003 977; x_wconf 79' lang='grc' dir='ltr'><em>κτέ.</em></span> 
     </span>
     <span class='ocr_line' id='line_1_5' title="bbox 121 1030 1258 1121; baseline -0.003 -25.335"><span class='ocrx_word' id='word_1_36' title='bbox 121 1031 232 1096; x_wconf 84' lang='lat' dir='ltr'><strong>ldendo</strong></span> <span class='ocrx_word' id='word_1_37' title='bbox 264 1044 444 1121; x_wconf 80' lang='lat' dir='ltr'><strong>pervetusto</strong></span> <span class='ocrx_word' id='word_1_38' title='bbox 470 1033 605 1098; x_wconf 79' lang='lat' dir='ltr'><strong>feliciter</strong></span> <span class='ocrx_word' id='word_1_39' title='bbox 635 1031 781 1098; x_wconf 78' lang='lat' dir='ltr'><strong>liberasse</strong></span> <span class='ocrx_word' id='word_1_40' title='bbox 814 1032 893 1097; x_wconf 88' lang='lat' dir='ltr'><strong>mibi</strong></span> <span class='ocrx_word' id='word_1_41' title='bbox 923 1030 1032 1096; x_wconf 84' lang='lat' dir='ltr'><strong>rideor</strong></span> <span class='ocrx_word' id='word_1_42' title='bbox 1054 1030 1093 1094; x_wconf 86' lang='lat' dir='ltr'><em>fr.</em></span> <span class='ocrx_word' id='word_1_43' title='bbox 1121 1030 1258 1096; x_wconf 87' lang='lat' dir='ltr'>XXXIV</span> 
     </span>
     <span class='ocr_line' id='line_1_6' title="bbox 17 1143 1259 1238; baseline -0.001 -22"><span class='ocrx_word' id='word_1_44' title='bbox 17 1143 18 1234; x_wconf 78' lang='lat' dir='ltr'><strong>l</strong></span> <span class='ocrx_word' id='word_1_45' title='bbox 84 1151 228 1238; x_wconf 79' lang='lat' dir='ltr'>(XXIV):</span> <span class='ocrx_word' id='word_1_46' title='bbox 276 1149 352 1218; x_wconf 77' lang='grc' dir='ltr'><em>ὅταν</em></span> <span class='ocrx_word' id='word_1_47' title='bbox 393 1153 579 1232; x_wconf 73' lang='grc' dir='ltr'><em>πωλούμενον</em></span> <span class='ocrx_word' id='word_1_48' title='bbox 615 1155 801 1227; x_wconf 83' lang='grc' dir='ltr'><em>πλείονος</em></span> <span class='ocrx_word' id='word_1_49' title='bbox 835 1155 1107 1234; x_wconf 86' lang='grc' dir='ltr'><em>εύρίσκωνται</em></span> <span class='ocrx_word' id='word_1_50' title='bbox 1141 1153 1166 1217; x_wconf 81' lang='grc' dir='ltr'><em>οἱ</em></span> <span class='ocrx_word' id='word_1_51' title='bbox 1201 1152 1259 1228; x_wconf 78' lang='grc' dir='ltr'><em>μὲν</em></span> 
     </span>
     <span class='ocr_line' id='line_1_7' title="bbox 82 1272 1257 1356; baseline 0.004 -22"><span class='ocrx_word' id='word_1_52' title='bbox 82 1272 211 1350; x_wconf 82' lang='grc' dir='ltr'><em>ε’ρῶμενον</em></span> <span class='ocrx_word' id='word_1_53' title='bbox 230 1274 290 1337; x_wconf 87' lang='grc' dir='ltr'><em>τῶν</em></span> <span class='ocrx_word' id='word_1_54' title='bbox 315 1275 433 1355; x_wconf 80' lang='grc' dir='ltr'><em>ῶγρῶν,</em></span> <span class='ocrx_word' id='word_1_55' title='bbox 457 1275 500 1339; x_wconf 79' lang='lat' dir='ltr'><em>rol</em></span> <span class='ocrx_word' id='word_1_56' title='bbox 524 1276 554 1339; x_wconf 78' lang='grc' dir='ltr'><em>δὲ</em></span> <span class='ocrx_word' id='word_1_57' title='bbox 579 1274 714 1356; x_wconf 84' lang='grc' dir='ltr'><em>κερύμια</em></span> <span class='ocrx_word' id='word_1_58' title='bbox 736 1281 788 1341; x_wconf 82' lang='grc' dir='ltr'><em>τοῦ</em></span> <span class='ocrx_word' id='word_1_59' title='bbox 812 1275 942 1356; x_wconf 88' lang='grc' dir='ltr'><em>ταρίχου</em></span> <span class='ocrx_word' id='word_1_60' title='bbox 964 1280 1023 1340; x_wconf 90' lang='grc' dir='ltr'><em>τῶν</em></span> <span class='ocrx_word' id='word_1_61' title='bbox 1046 1272 1257 1354; x_wconf 85' lang='grc' dir='ltr'><em>ζευγηλατῶν.</em></span> 
     </span>
     <span class='ocr_line' id='line_1_8' title="bbox 83 1391 1259 1485; baseline 0.002 -29"><span class='ocrx_word' id='word_1_62' title='bbox 83 1391 138 1457; x_wconf 88' lang='lat' dir='ltr'><em>Sed</em></span> <span class='ocrx_word' id='word_1_63' title='bbox 158 1405 194 1457; x_wconf 87' lang='lat' dir='ltr'><strong>ut</strong></span> <span class='ocrx_word' id='word_1_64' title='bbox 218 1406 304 1458; x_wconf 88' lang='lat' dir='ltr'><strong>reete</strong></span> <span class='ocrx_word' id='word_1_65' title='bbox 316 1393 395 1460; x_wconf 88' lang='lat' dir='ltr'><strong>haec</strong></span> <span class='ocrx_word' id='word_1_66' title='bbox 406 1395 639 1485; x_wconf 77' lang='lat' dir='ltr'><strong>intelligantur,</strong></span> <span class='ocrx_word' id='word_1_67' title='bbox 659 1395 864 1462; x_wconf 91' lang='lat' dir='ltr'><strong>adscribenda</strong></span> <span class='ocrx_word' id='word_1_68' title='bbox 877 1408 922 1460; x_wconf 88' lang='lat' dir='ltr'><em>est</em></span> <span class='ocrx_word' id='word_1_69' title='bbox 941 1417 1012 1484; x_wconf 79' lang='lat' dir='ltr'><strong>pers</strong></span> <span class='ocrx_word' id='word_1_70' title='bbox 1032 1417 1159 1470; x_wconf 90' lang='lat' dir='ltr'><strong>eorum,</strong></span> <span class='ocrx_word' id='word_1_71' title='bbox 1179 1415 1259 1480; x_wconf 87' lang='lat' dir='ltr'><strong>quac</strong></span> 
     </span>
     <span class='ocr_line' id='line_1_9' title="bbox 17 1511 1260 1606; baseline 0.001 -30"><span class='ocrx_word' id='word_1_72' title='bbox 17 1579 18 1606; x_wconf 17' lang='grc' dir='ltr'>ᾖ</span> <span class='ocrx_word' id='word_1_73' title='bbox 82 1512 284 1602; x_wconf 88' lang='lat' dir='ltr'><strong>praecedunt:</strong></span> <span class='ocrx_word' id='word_1_74' title='bbox 310 1516 515 1593; x_wconf 84' lang='grc' dir='ltr'><em>’Λγανακτῶν</em></span> <span class='ocrx_word' id='word_1_75' title='bbox 537 1515 663 1597; x_wconf 82' lang='grc' dir='ltr'><em>Μύρκος</em></span> <span class='ocrx_word' id='word_1_76' title='bbox 685 1517 808 1598; x_wconf 78' lang='grc' dir='ltr'><em>Πόρκιος</em></span> <span class='ocrx_word' id='word_1_77' title='bbox 831 1515 941 1582; x_wconf 86' lang='grc' dir='ltr'><em>Κύτων</em></span> <span class='ocrx_word' id='word_1_78' title='bbox 962 1511 1048 1580; x_wconf 81' lang='grc' dir='ltr'><em>εἶπεν</em></span> <span class='ocrx_word' id='word_1_79' title='bbox 1066 1515 1095 1578; x_wconf 81' lang='grc' dir='ltr'><em>ἐν</em></span> <span class='ocrx_word' id='word_1_80' title='bbox 1112 1514 1154 1594; x_wconf 83' lang='grc' dir='ltr'><em>τῶ</em></span> <span class='ocrx_word' id='word_1_81' title='bbox 1175 1513 1260 1596; x_wconf 77' lang='grc' dir='ltr'><em>δύμιρ</em></span> 
     </span>
     <span class='ocr_line' id='line_1_10' title="bbox 84 1633 1259 1717; baseline 0.002 -20.838"><span class='ocrx_word' id='word_1_82' title='bbox 84 1633 150 1698; x_wconf 87' lang='grc' dir='ltr'><em>διύτι</em></span> <span class='ocrx_word' id='word_1_83' title='bbox 178 1633 323 1710; x_wconf 69' lang='grc' dir='ltr'><em>μάλιστα</em></span> <span class='ocrx_word' id='word_1_84' title='bbox 355 1634 500 1700; x_wconf 87' lang='grc' dir='ltr'><em>δύνανται</em></span> <span class='ocrx_word' id='word_1_85' title='bbox 524 1637 659 1702; x_wconf 82' lang='grc' dir='ltr'><em>κατιδεῖν</em></span> <span class='ocrx_word' id='word_1_86' title='bbox 682 1637 716 1702; x_wconf 80' lang='grc' dir='ltr'><em>ἐκ</em></span> <span class='ocrx_word' id='word_1_87' title='bbox 738 1638 845 1702; x_wconf 82' lang='grc' dir='ltr'><em>τούτου</em></span> <span class='ocrx_word' id='word_1_88' title='bbox 868 1639 923 1710; x_wconf 78' lang='grc' dir='ltr'><em>την</em></span> <span class='ocrx_word' id='word_1_89' title='bbox 947 1637 997 1700; x_wconf 81' lang='grc' dir='ltr'><em>ε’πί</em></span> <span class='ocrx_word' id='word_1_90' title='bbox 1022 1637 1056 1700; x_wconf 83' lang='grc' dir='ltr'><em>τδ</em></span> <span class='ocrx_word' id='word_1_91' title='bbox 1079 1643 1181 1717; x_wconf 83' lang='grc' dir='ltr'><em>χεῖρον</em></span> <span class='ocrx_word' id='word_1_92' title='bbox 1204 1643 1259 1710; x_wconf 73' lang='grc' dir='ltr'><em>τῆς</em></span> 
     </span>
     <span class='ocr_line' id='line_1_11' title="bbox 17 1755 1260 1843; baseline 0.003 -27"><span class='ocrx_word' id='word_1_93' title='bbox 17 1765 18 1792; x_wconf 64' lang='lat'>¹</span> <span class='ocrx_word' id='word_1_94' title='bbox 81 1756 204 1831; x_wconf 75' lang='grc' dir='ltr'><em>ῶγοινῆς</em></span> <span class='ocrx_word' id='word_1_95' title='bbox 235 1755 287 1818; x_wconf 81' lang='grc' dir='ltr'><em>καί</em></span> <span class='ocrx_word' id='word_1_96' title='bbox 321 1756 480 1829; x_wconf 83' lang='grc' dir='ltr'><em>πολιτείας</em></span> <span class='ocrx_word' id='word_1_97' title='bbox 509 1759 715 1841; x_wconf 72' lang='grc' dir='ltr'><em>διαστροφήν,</em></span> <span class='ocrx_word' id='word_1_98' title='bbox 749 1755 823 1823; x_wconf 83' lang='grc' dir='ltr'><em>ύταν</em></span> <span class='ocrx_word' id='word_1_99' title='bbox 855 1757 1042 1834; x_wconf 75' lang='grc' dir='ltr'><em>πωλούμενον</em></span> <span class='ocrx_word' id='word_1_100' title='bbox 1071 1757 1153 1830; x_wconf 80' lang='grc' dir='ltr'><em>κτὲ..</em></span> <span class='ocrx_word' id='word_1_101' title='bbox 1179 1778 1260 1843; x_wconf 87' lang='lat' dir='ltr'><strong>quae</strong></span> 
     </span>
     <span class='ocr_line' id='line_1_12' title="bbox 82 1873 1260 1968; baseline 0.003 -31"><span class='ocrx_word' id='word_1_102' title='bbox 82 1897 168 1963; x_wconf 84' lang='lat' dir='ltr'><strong>supra</strong></span> <span class='ocrx_word' id='word_1_103' title='bbox 191 1873 351 1963; x_wconf 81' lang='lat' dir='ltr'><strong>adscripsi.</strong></span> <span class='ocrx_word' id='word_1_104' title='bbox 401 1875 451 1943; x_wconf 87' lang='lat' dir='ltr'><em>Ob</em></span> <span class='ocrx_word' id='word_1_105' title='bbox 473 1877 634 1968; x_wconf 81' lang='lat' dir='ltr'><strong>duplicem</strong></span> <span class='ocrx_word' id='word_1_106' title='bbox 658 1901 784 1943; x_wconf 87' lang='lat' dir='ltr'><strong>oausam</strong></span> <span class='ocrx_word' id='word_1_107' title='bbox 808 1878 884 1942; x_wconf 87' lang='lat' dir='ltr'><strong>ferri</strong></span> <span class='ocrx_word' id='word_1_108' title='bbox 906 1889 1090 1964; x_wconf 86' lang='lat' dir='ltr'><strong>nequeunt,</strong></span> <span class='ocrx_word' id='word_1_109' title='bbox 1112 1889 1147 1940; x_wconf 92' lang='lat' dir='ltr'><strong>ut</strong></span> <span class='ocrx_word' id='word_1_110' title='bbox 1166 1875 1260 1940; x_wconf 93' lang='lat' dir='ltr'><strong>hodie</strong></span> 
     </span>
     <span class='ocr_line' id='line_1_13' title="bbox 82 1993 1259 2078; baseline 0.002 -20"><span class='ocrx_word' id='word_1_111' title='bbox 82 1993 269 2074; x_wconf 84' lang='lat' dir='ltr'><strong>scribuntur,</strong></span> <span class='ocrx_word' id='word_1_112' title='bbox 294 1995 465 2060; x_wconf 80' lang='lat' dir='ltr'><strong>vocabula:</strong></span> <span class='ocrx_word' id='word_1_113' title='bbox 481 1993 555 2063; x_wconf 76' lang='grc' dir='ltr'><em>ὅταν</em></span> <span class='ocrx_word' id='word_1_114' title='bbox 572 1999 758 2076; x_wconf 78' lang='grc' dir='ltr'><em>πωλούμενον</em></span> <span class='ocrx_word' id='word_1_115' title='bbox 778 1997 960 2070; x_wconf 82' lang='grc' dir='ltr'><em>πλείονος</em></span> <span class='ocrx_word' id='word_1_116' title='bbox 983 1995 1070 2078; x_wconf 87' lang='grc' dir='ltr'><em>εύρί</em></span> <span class='ocrx_word' id='word_1_117' title='bbox 1079 2020 1259 2062; x_wconf 89' lang='grc' dir='ltr'><em>σκωνται.</em></span> 
     </span>
     <span class='ocr_line' id='line_1_14' title="bbox 82 2114 1261 2206; baseline 0.002 -26"><span class='ocrx_word' id='word_1_118' title='bbox 82 2114 158 2180; x_wconf 86' lang='lat' dir='ltr'><em>Nam</em></span> <span class='ocrx_word' id='word_1_119' title='bbox 191 2117 329 2204; x_wconf 92' lang='lat' dir='ltr'><strong>primum</strong></span> <span class='ocrx_word' id='word_1_120' title='bbox 358 2118 482 2206; x_wconf 82' lang='lat' dir='ltr'><strong>pluris</strong></span> <span class='ocrx_word' id='word_1_121' title='bbox 515 2123 633 2183; x_wconf 82' lang='lat' dir='ltr'><strong>venire</strong></span> <span class='ocrx_word' id='word_1_122' title='bbox 667 2119 785 2184; x_wconf 80' lang='lat' dir='ltr'><strong>Graece</strong></span> <span class='ocrx_word' id='word_1_123' title='bbox 816 2118 951 2190; x_wconf 82' lang='grc' dir='ltr'><em>πλείονος</em></span> <span class='ocrx_word' id='word_1_124' title='bbox 980 2117 1167 2198; x_wconf 84' lang='grc' dir='ltr'><em>εύρίσκεσύαι</em></span> <span class='ocrx_word' id='word_1_125' title='bbox 1197 2115 1261 2182; x_wconf 92' lang='lat' dir='ltr'><strong>dici</strong></span> 
     </span>
     <span class='ocr_line' id='line_1_15' title="bbox 82 2235 1260 2328; baseline 0.003 -29"><span class='ocrx_word' id='word_1_126' title='bbox 82 2257 165 2323; x_wconf 88' lang='lat' dir='ltr'><strong>posse</strong></span> <span class='ocrx_word' id='word_1_127' title='bbox 195 2259 290 2324; x_wconf 79' lang='lat' dir='ltr'><strong>nego;</strong></span> <span class='ocrx_word' id='word_1_128' title='bbox 322 2235 457 2316; x_wconf 89' lang='lat' dir='ltr'><strong>deiude,</strong></span> <span class='ocrx_word' id='word_1_129' title='bbox 490 2238 515 2302; x_wconf 93' lang='lat' dir='ltr'><em>si</em></span> <span class='ocrx_word' id='word_1_130' title='bbox 546 2237 609 2304; x_wconf 82' lang='lat' dir='ltr'><em>dici</em></span> <span class='ocrx_word' id='word_1_131' title='bbox 632 2251 754 2328; x_wconf 87' lang='lat' dir='ltr'><strong>posset,</strong></span> <span class='ocrx_word' id='word_1_132' title='bbox 778 2239 872 2328; x_wconf 87' lang='lat' dir='ltr'><strong>plane</strong></span> <span class='ocrx_word' id='word_1_133' title='bbox 894 2239 1029 2302; x_wconf 90' lang='lat' dir='ltr'><strong>otiosum</strong></span> <span class='ocrx_word' id='word_1_134' title='bbox 1052 2250 1150 2316; x_wconf 87' lang='lat' dir='ltr'><strong>esset,</strong></span> <span class='ocrx_word' id='word_1_135' title='bbox 1176 2237 1260 2327; x_wconf 93' lang='lat' dir='ltr'><strong>quod</strong></span> 
     </span>
     <span class='ocr_line' id='line_1_16' title="bbox 81 2355 1261 2448; baseline 0.003 -28"><span class='ocrx_word' id='word_1_136' title='bbox 81 2369 179 2420; x_wconf 87' lang='lat' dir='ltr'><strong>nostro</strong></span> <span class='ocrx_word' id='word_1_137' title='bbox 199 2357 269 2422; x_wconf 86' lang='lat' dir='ltr'><strong>loeo</strong></span> <span class='ocrx_word' id='word_1_138' title='bbox 289 2355 433 2436; x_wconf 88' lang='lat' dir='ltr'><strong>additur,</strong></span> <span class='ocrx_word' id='word_1_139' title='bbox 458 2359 656 2436; x_wconf 84' lang='grc' dir='ltr'><em>πωλούμενον.</em></span> <span class='ocrx_word' id='word_1_140' title='bbox 684 2359 766 2445; x_wconf 77' lang='lat' dir='ltr'><strong>Quid</strong></span> <span class='ocrx_word' id='word_1_141' title='bbox 778 2359 936 2448; x_wconf 88' lang='lat' dir='ltr'><strong>scripserit</strong></span> <span class='ocrx_word' id='word_1_142' title='bbox 956 2358 1129 2438; x_wconf 87' lang='lat' dir='ltr'><strong>Diodorus,</strong></span> <span class='ocrx_word' id='word_1_143' title='bbox 1150 2359 1261 2425; x_wconf 87' lang='lat' dir='ltr'><strong>lectori</strong></span> 
     </span>
     <span class='ocr_line' id='line_1_17' title="bbox 83 2477 1261 2568; baseline 0.005 -29"><span class='ocrx_word' id='word_1_144' title='bbox 83 2477 239 2566; x_wconf 75' lang='lat' dir='ltr'><strong>apparebit</strong></span> <span class='ocrx_word' id='word_1_145' title='bbox 274 2501 292 2542; x_wconf 90' lang='lat' dir='ltr'><strong>e</strong></span> <span class='ocrx_word' id='word_1_146' title='bbox 326 2477 403 2542; x_wconf 86' lang='lat' dir='ltr'><strong>locis</strong></span> <span class='ocrx_word' id='word_1_147' title='bbox 435 2477 641 2567; x_wconf 88' lang='lat' dir='ltr'><strong>quibusdam,</strong></span> <span class='ocrx_word' id='word_1_148' title='bbox 679 2501 757 2567; x_wconf 92' lang='lat' dir='ltr'><strong>quos</strong></span> <span class='ocrx_word' id='word_1_149' title='bbox 789 2479 871 2543; x_wconf 88' lang='lat' dir='ltr'><strong>infra</strong></span> <span class='ocrx_word' id='word_1_150' title='bbox 901 2501 1043 2568; x_wconf 88' lang='lat' dir='ltr'><strong>promam</strong></span> <span class='ocrx_word' id='word_1_151' title='bbox 1075 2503 1110 2544; x_wconf 84' lang='lat' dir='ltr'><strong>er</strong></span> <span class='ocrx_word' id='word_1_152' title='bbox 1142 2481 1261 2568; x_wconf 91' lang='lat' dir='ltr'><strong>optimo</strong></span> 
     </span>
     <span class='ocr_line' id='line_1_18' title="bbox 83 2598 1262 2688; baseline 0.003 -27"><span class='ocrx_word' id='word_1_153' title='bbox 83 2619 202 2687; x_wconf 87' lang='lat' dir='ltr'><strong>qnoque</strong></span> <span class='ocrx_word' id='word_1_154' title='bbox 225 2599 376 2688; x_wconf 83' lang='lat' dir='ltr'><strong>scriptore</strong></span> <span class='ocrx_word' id='word_1_155' title='bbox 401 2599 530 2665; x_wconf 87' lang='lat' dir='ltr'><strong>Graeco.</strong></span> <span class='ocrx_word' id='word_1_156' title='bbox 559 2599 676 2665; x_wconf 89' lang='lat' dir='ltr'><strong>IIerod.</strong></span> <span class='ocrx_word' id='word_1_157' title='bbox 699 2599 832 2676; x_wconf 81' lang='lat'><strong>1:195,</strong></span> <span class='ocrx_word' id='word_1_158' title='bbox 854 2598 910 2663; x_wconf 91' lang='lat' dir='ltr'><em>ubi</em></span> <span class='ocrx_word' id='word_1_159' title='bbox 930 2600 993 2688; x_wconf 77' lang='lat' dir='ltr'><strong>agit</strong></span> <span class='ocrx_word' id='word_1_160' title='bbox 1014 2598 1054 2664; x_wconf 88' lang='lat' dir='ltr'><strong>de</strong></span> <span class='ocrx_word' id='word_1_161' title='bbox 1068 2599 1262 2665; x_wconf 78' lang='lat' dir='ltr'><strong>Venetorum</strong></span> 
     </span>
     <span class='ocr_line' id='line_1_19' title="bbox 79 2713 1260 2810; baseline 0.003 -28"><span class='ocrx_word' id='word_1_162' title='bbox 79 2719 245 2806; x_wconf 66' lang='lat' dir='ltr'><strong>uirginibus</strong></span> <span class='ocrx_word' id='word_1_163' title='bbox 282 2721 449 2808; x_wconf 85' lang='lat' dir='ltr'><strong>quotannis</strong></span> <span class='ocrx_word' id='word_1_164' title='bbox 484 2713 612 2810; x_wconf 85' lang='lat' dir='ltr'><strong>publice</strong></span> <span class='ocrx_word' id='word_1_165' title='bbox 645 2718 860 2786; x_wconf 77' lang='lat' dir='ltr'><strong>venumdatis:</strong></span> <span class='ocrx_word' id='word_1_166' title='bbox 895 2719 980 2797; x_wconf 77' lang='grc' dir='ltr'><em>μετίι</em></span> <span class='ocrx_word' id='word_1_167' title='bbox 1013 2719 1045 2784; x_wconf 78' lang='grc' dir='ltr'><em>δὲ</em></span> <span class='ocrx_word' id='word_1_168' title='bbox 1076 2714 1150 2791; x_wconf 83' lang='grc' dir='ltr'><em>ύκως</em></span> <span class='ocrx_word' id='word_1_169' title='bbox 1181 2717 1260 2793; x_wconf 85' lang='grc' dir='ltr'><em>αύτη</em></span> 
     </span>
     <span class='ocr_line' id='line_1_20' title="bbox 81 2839 1261 2929; baseline 0.002 -25"><span class='ocrx_word' id='word_1_170' title='bbox 81 2841 249 2920; x_wconf 84' lang='grc' dir='ltr'><em>εὑροῶσα</em></span> <span class='ocrx_word' id='word_1_171' title='bbox 276 2841 423 2906; x_wconf 80' lang='grc' dir='ltr'><em>πολλὸν</em></span> <span class='ocrx_word' id='word_1_172' title='bbox 446 2842 617 2922; x_wconf 87' lang='grc' dir='ltr'><em>χρυσίον</em></span> <span class='ocrx_word' id='word_1_173' title='bbox 640 2841 820 2922; x_wconf 86' lang='grc' dir='ltr'><em>πρηίείη,</em></span> <span class='ocrx_word' id='word_1_174' title='bbox 841 2839 942 2914; x_wconf 80' lang='grc' dir='ltr'><em>ύλλην</em></span> <span class='ocrx_word' id='word_1_175' title='bbox 962 2841 1146 2922; x_wconf 78' lang='grc' dir='ltr'><em>οὶνεκύρνσσε</em></span> <span class='ocrx_word' id='word_1_176' title='bbox 1168 2840 1202 2929; x_wconf 87' lang='lat' dir='ltr'><em>(l.</em></span> <span class='ocrx_word' id='word_1_177' title='bbox 1223 2839 1261 2906; x_wconf 77' lang='grc' dir='ltr'><em>οδν</em></span> 
     </span>
     <span class='ocr_line' id='line_1_21' title="bbox 80 2959 1258 3050; baseline 0.003 -28"><span class='ocrx_word' id='word_1_178' title='bbox 80 2960 231 3048; x_wconf 69' lang='grc' dir='ltr'><em>ἐκήρυσσε)</em></span> <span class='ocrx_word' id='word_1_179' title='bbox 257 2963 322 3025; x_wconf 81' lang='grc' dir='ltr'><em>ιντὲ.</em></span> <span class='ocrx_word' id='word_1_180' title='bbox 356 2959 477 3026; x_wconf 84' lang='lat' dir='ltr'><strong>Eodem</strong></span> <span class='ocrx_word' id='word_1_181' title='bbox 494 2960 589 3026; x_wconf 90' lang='lat' dir='ltr'><strong>modo</strong></span> <span class='ocrx_word' id='word_1_182' title='bbox 610 2961 787 3050; x_wconf 89' lang='lat' dir='ltr'><strong>Xenophon</strong></span> <span class='ocrx_word' id='word_1_183' title='bbox 804 2961 837 3024; x_wconf 93' lang='lat' dir='ltr'><em>in</em></span> <span class='ocrx_word' id='word_1_184' title='bbox 858 2961 1029 3026; x_wconf 86' lang='lat' dir='ltr'><strong>Helleniois</strong></span> <span class='ocrx_word' id='word_1_185' title='bbox 1049 2961 1110 3026; x_wconf 92' lang='lat' dir='ltr'>III:</span> <span class='ocrx_word' id='word_1_186' title='bbox 1131 2964 1258 3047; x_wconf 81' lang='lat'>4§24:</span> 
     </span>
     <span class='ocr_line' id='line_1_22' title="bbox 80 3077 1262 3164; baseline 0.003 -19"><span class='ocrx_word' id='word_1_187' title='bbox 80 3081 126 3144; x_wconf 78' lang='grc' dir='ltr'><em>καὶ</em></span> <span class='ocrx_word' id='word_1_188' title='bbox 138 3079 228 3146; x_wconf 77' lang='grc' dir='ltr'><em>ἄλλα</em></span> <span class='ocrx_word' id='word_1_189' title='bbox 240 3107 276 3146; x_wconf 87' lang='grc' dir='ltr'><em>τε</em></span> <span class='ocrx_word' id='word_1_190' title='bbox 290 3082 395 3146; x_wconf 75' lang='grc' dir='ltr'><em>πολλοὶ</em></span> <span class='ocrx_word' id='word_1_191' title='bbox 407 3085 562 3162; x_wconf 73' lang='grc' dir='ltr'><em>χρήματα</em></span> <span class='ocrx_word' id='word_1_192' title='bbox 574 3083 708 3164; x_wconf 74' lang='grc' dir='ltr'><em>ἐλήφθη,</em></span> <span class='ocrx_word' id='word_1_193' title='bbox 724 3079 746 3147; x_wconf 72' lang='grc' dir='ltr'><em>οδ</em></span> <span class='ocrx_word' id='word_1_194' title='bbox 767 3077 810 3146; x_wconf 86' lang='grc' dir='ltr'><em>εύ</em></span> <span class='ocrx_word' id='word_1_195' title='bbox 817 3105 856 3162; x_wconf 88' lang='grc' dir='ltr'><em>ρε</em></span> <span class='ocrx_word' id='word_1_196' title='bbox 876 3081 994 3146; x_wconf 77' lang='grc' dir='ltr'><em>πλέον</em></span> <span class='ocrx_word' id='word_1_197' title='bbox 1015 3081 1032 3159; x_wconf 77' lang='grc' dir='ltr'>ἢ</span> <span class='ocrx_word' id='word_1_198' title='bbox 1051 3083 1262 3161; x_wconf 74' lang='grc' dir='ltr'><em>ἑβδομήκοντα</em></span> 
     </span>
     <span class='ocr_line' id='line_1_23' title="bbox 80 3199 1262 3287; baseline 0.003 -23"><span class='ocrx_word' id='word_1_199' title='bbox 80 3201 232 3266; x_wconf 67' lang='grc' dir='ltr'><em>τάλαντα.</em></span> <span class='ocrx_word' id='word_1_200' title='bbox 271 3201 320 3267; x_wconf 84' lang='grc' dir='ltr'><em>Ιύ.</em></span> <span class='ocrx_word' id='word_1_201' title='bbox 345 3202 379 3266; x_wconf 93' lang='lat' dir='ltr'><em>in</em></span> <span class='ocrx_word' id='word_1_202' title='bbox 400 3202 531 3268; x_wconf 88' lang='lat' dir='ltr'><strong>Memor.</strong></span> <span class='ocrx_word' id='word_1_203' title='bbox 555 3203 587 3267; x_wconf 95' lang='lat' dir='ltr'><em>II</em></span> <span class='ocrx_word' id='word_1_204' title='bbox 610 3225 617 3265; x_wconf 92' lang='lat'><strong>:</strong></span> <span class='ocrx_word' id='word_1_205' title='bbox 642 3206 661 3266; x_wconf 71' lang='lat' dir='ltr'><strong>t</strong></span> <span class='ocrx_word' id='word_1_206' title='bbox 686 3205 703 3287; x_wconf 83' lang='lat'>§</span> <span class='ocrx_word' id='word_1_207' title='bbox 728 3207 767 3267; x_wconf 83' lang='lat'><em>5:</em></span> <span class='ocrx_word' id='word_1_208' title='bbox 790 3199 864 3267; x_wconf 82' lang='grc' dir='ltr'><em>ύταν</em></span> <span class='ocrx_word' id='word_1_209' title='bbox 883 3226 930 3276; x_wconf 75' lang='grc' dir='ltr'><em>τις</em></span> <span class='ocrx_word' id='word_1_210' title='bbox 952 3201 1069 3276; x_wconf 79' lang='grc' dir='ltr'><em>οἰκέτην</em></span> <span class='ocrx_word' id='word_1_211' title='bbox 1087 3201 1262 3284; x_wconf 79' lang='grc' dir='ltr'><em>αποδιδῷ</em></span> 
     </span>
     <span class='ocr_line' id='line_1_24' title="bbox 79 3322 1263 3404; baseline 0.002 -18"><span class='ocrx_word' id='word_1_212' title='bbox 79 3329 143 3388; x_wconf 80' lang='grc' dir='ltr'><em>τοῦ</em></span> <span class='ocrx_word' id='word_1_213' title='bbox 174 3324 369 3404; x_wconf 78' lang='grc' dir='ltr'><em>εύρύντος.</em></span> <span class='ocrx_word' id='word_1_214' title='bbox 419 3322 468 3389; x_wconf 80' lang='lat' dir='ltr'><em>cf.</em></span> <span class='ocrx_word' id='word_1_215' title='bbox 505 3323 619 3389; x_wconf 75' lang='lat' dir='ltr'><strong>Aesch.</strong></span> <span class='ocrx_word' id='word_1_216' title='bbox 654 3323 789 3404; x_wconf 79' lang='lat'><strong>1:963</strong></span> <span class='ocrx_word' id='word_1_217' title='bbox 825 3323 921 3388; x_wconf 88' lang='lat' dir='ltr'><strong>Isocr.</strong></span> <span class='ocrx_word' id='word_1_218' title='bbox 954 3323 1032 3388; x_wconf 83' lang='lat' dir='ltr'>VIII</span> <span class='ocrx_word' id='word_1_219' title='bbox 1059 3347 1067 3386; x_wconf 91' lang='lat'>:</span> <span class='ocrx_word' id='word_1_220' title='bbox 1095 3329 1158 3389; x_wconf 91' lang='lat'><em>35:</em></span> <span class='ocrx_word' id='word_1_221' title='bbox 1183 3323 1263 3388; x_wconf 76' lang='lat' dir='ltr'><strong>ninia</strong></span> 
     </span>
     <span class='ocr_line' id='line_1_25' title="bbox 78 3441 1263 3532; baseline 0.003 -28"><span class='ocrx_word' id='word_1_222' title='bbox 78 3443 253 3524; x_wconf 83' lang='grc' dir='ltr'><em>εὑρίσκονσα</em></span> <span class='ocrx_word' id='word_1_223' title='bbox 282 3443 452 3524; x_wconf 79' lang='grc' dir='ltr'><em>δισχιλίας.</em></span> <span class='ocrx_word' id='word_1_224' title='bbox 500 3441 548 3510; x_wconf 91' lang='lat' dir='ltr'><strong>Ne</strong></span> <span class='ocrx_word' id='word_1_225' title='bbox 581 3443 740 3532; x_wconf 88' lang='lat' dir='ltr'><strong>sequiores</strong></span> <span class='ocrx_word' id='word_1_226' title='bbox 772 3443 900 3532; x_wconf 81' lang='lat' dir='ltr'><strong>quidem</strong></span> <span class='ocrx_word' id='word_1_227' title='bbox 931 3443 1018 3508; x_wconf 90' lang='lat' dir='ltr'><strong>hune</strong></span> <span class='ocrx_word' id='word_1_228' title='bbox 1049 3466 1142 3508; x_wconf 91' lang='lat' dir='ltr'><strong>usum</strong></span> <span class='ocrx_word' id='word_1_229' title='bbox 1172 3445 1263 3532; x_wconf 79' lang='lat' dir='ltr'><strong>igno·</strong></span> 
     </span>
     <span class='ocr_line' id='line_1_26' title="bbox 78 3561 1260 3652; baseline -0.001 -24"><span class='ocrx_word' id='word_1_230' title='bbox 78 3583 154 3628; x_wconf 83' lang='lat' dir='ltr'><strong>rasse</strong></span> <span class='ocrx_word' id='word_1_231' title='bbox 172 3562 310 3652; x_wconf 90' lang='lat' dir='ltr'><strong>probant</strong></span> <span class='ocrx_word' id='word_1_232' title='bbox 330 3575 361 3627; x_wconf 91' lang='lat' dir='ltr'><em>et</em></span> <span class='ocrx_word' id='word_1_233' title='bbox 380 3563 434 3627; x_wconf 90' lang='lat' dir='ltr'><strong>alii</strong></span> <span class='ocrx_word' id='word_1_234' title='bbox 453 3563 559 3628; x_wconf 88' lang='lat' dir='ltr'><strong>loeiet</strong></span> <span class='ocrx_word' id='word_1_235' title='bbox 572 3561 682 3650; x_wconf 72' lang='lat' dir='ltr'><strong>Polyb.</strong></span> <span class='ocrx_word' id='word_1_236' title='bbox 699 3563 829 3630; x_wconf 90' lang='lat' dir='ltr'>XXXI:</span> <span class='ocrx_word' id='word_1_237' title='bbox 846 3569 884 3640; x_wconf 90' lang='lat'><em>7,</em></span> <span class='ocrx_word' id='word_1_238' title='bbox 913 3565 952 3627; x_wconf 86' lang='lat'><em>12</em></span> <span class='ocrx_word' id='word_1_239' title='bbox 968 3563 1032 3650; x_wconf 83' lang='lat' dir='ltr'><strong>(ed.</strong></span> <span class='ocrx_word' id='word_1_240' title='bbox 1049 3562 1260 3652; x_wconf 77' lang='lat' dir='ltr'><strong>Schweigh.):</strong></span> 
     </span>
     <span class='ocr_line' id='line_1_27' title="bbox 77 3683 1263 3772; baseline 0.003 -28"><span class='ocrx_word' id='word_1_241' title='bbox 77 3687 129 3746; x_wconf 79' lang='grc' dir='ltr'><em>τοῦ</em></span> <span class='ocrx_word' id='word_1_242' title='bbox 156 3684 330 3762; x_wconf 83' lang='grc' dir='ltr'><em>ε’λλιμενίου</em></span> <span class='ocrx_word' id='word_1_243' title='bbox 359 3684 443 3748; x_wconf 75' lang='grc' dir='ltr'><em>κατοδ</em></span> <span class='ocrx_word' id='word_1_244' title='bbox 475 3683 544 3757; x_wconf 79' lang='grc' dir='ltr'><em>τοὺς</em></span> <span class='ocrx_word' id='word_1_245' title='bbox 573 3685 719 3766; x_wconf 73' lang='grc' dir='ltr'><em>ανύτερον</em></span> <span class='ocrx_word' id='word_1_246' title='bbox 751 3684 784 3772; x_wconf 85' lang='lat' dir='ltr'><em>(l.</em></span> <span class='ocrx_word' id='word_1_247' title='bbox 814 3683 964 3767; x_wconf 79' lang='grc' dir='ltr'><em>ῶνωτέρα)</em></span> <span class='ocrx_word' id='word_1_248' title='bbox 988 3683 1112 3764; x_wconf 82' lang='grc' dir='ltr'><em>χρύνονς</em></span> <span class='ocrx_word' id='word_1_249' title='bbox 1137 3683 1263 3764; x_wconf 83' lang='grc' dir='ltr'><em>εὑρίσ·</em></span> 
     </span>
     <span class='ocr_line' id='line_1_28' title="bbox 77 3802 1263 3886; baseline 0.003 -19"><span class='ocrx_word' id='word_1_250' title='bbox 77 3827 212 3878; x_wconf 80' lang='grc' dir='ltr'><em>κοντος</em></span> <span class='ocrx_word' id='word_1_251' title='bbox 249 3805 357 3869; x_wconf 82' lang='grc' dir='ltr'><em>ἑκατὸν</em></span> <span class='ocrx_word' id='word_1_252' title='bbox 392 3803 542 3885; x_wconf 80' lang='grc' dir='ltr'><em>μνριύδας</em></span> <span class='ocrx_word' id='word_1_253' title='bbox 579 3805 737 3886; x_wconf 89' lang='grc' dir='ltr'><em>δραχμῶν.</em></span> <span class='ocrx_word' id='word_1_254' title='bbox 785 3802 849 3872; x_wconf 86' lang='lat' dir='ltr'><em>Sed</em></span> <span class='ocrx_word' id='word_1_255' title='bbox 878 3802 913 3868; x_wconf 92' lang='lat' dir='ltr'><em>hi</em></span> <span class='ocrx_word' id='word_1_256' title='bbox 943 3803 1006 3868; x_wconf 89' lang='lat' dir='ltr'><strong>loci</strong></span> <span class='ocrx_word' id='word_1_257' title='bbox 1037 3804 1194 3870; x_wconf 85' lang='lat' dir='ltr'><strong>sufficiant</strong></span> <span class='ocrx_word' id='word_1_258' title='bbox 1223 3803 1263 3870; x_wconf 90' lang='lat' dir='ltr'><em>ad</em></span> 
     </span>
     <span class='ocr_line' id='line_1_29' title="bbox 76 3909 1263 4010; baseline 0.003 -22"><span class='ocrx_word' id='word_1_259' title='bbox 76 3924 272 4010; x_wconf 89' lang='lat' dir='ltr'><strong>probandum</strong></span> <span class='ocrx_word' id='word_1_260' title='bbox 304 3923 441 3990; x_wconf 87' lang='lat' dir='ltr'><strong>Diodoro</strong></span> <span class='ocrx_word' id='word_1_261' title='bbox 473 3925 670 3991; x_wconf 90' lang='lat' dir='ltr'><strong>reddendum</strong></span> <span class='ocrx_word' id='word_1_262' title='bbox 701 3949 783 3992; x_wconf 89' lang='lat' dir='ltr'><strong>esse:</strong></span> <span class='ocrx_word' id='word_1_263' title='bbox 815 3920 890 3990; x_wconf 73' lang='lat' dir='ltr'><strong>droco</strong></span> <span class='ocrx_word' id='word_1_264' title='bbox 912 3909 1108 4003; x_wconf 86' lang='grc' dir='ltr'><em>πωλούμενον</em></span> <span class='ocrx_word' id='word_1_265' title='bbox 1125 3935 1263 3993; x_wconf 80' lang='grc' dir='ltr'><em>πλεῖον</em></span> 
     </span>
     <span class='ocr_line' id='line_1_30' title="bbox 77 4045 1260 4129; baseline 0.004 -21"><span class='ocrx_word' id='word_1_266' title='bbox 77 4047 315 4126; x_wconf 87' lang='grc' dir='ltr'><em>εὑρίσκωσιν</em></span> <span class='ocrx_word' id='word_1_267' title='bbox 349 4047 374 4111; x_wconf 87' lang='grc' dir='ltr'><em>σί</em></span> <span class='ocrx_word' id='word_1_268' title='bbox 407 4048 463 4125; x_wconf 81' lang='grc' dir='ltr'><em>μὲν</em></span> <span class='ocrx_word' id='word_1_269' title='bbox 499 4047 636 4128; x_wconf 87' lang='grc' dir='ltr'><em>ε’ρῶμενοι</em></span> <span class='ocrx_word' id='word_1_270' title='bbox 672 4049 730 4114; x_wconf 89' lang='grc' dir='ltr'><em>τῶν</em></span> <span class='ocrx_word' id='word_1_271' title='bbox 761 4048 882 4128; x_wconf 80' lang='grc' dir='ltr'><em>οὶγρῶν,</em></span> <span class='ocrx_word' id='word_1_272' title='bbox 913 4046 956 4112; x_wconf 80' lang='grc' dir='ltr'><em>τίν</em></span> <span class='ocrx_word' id='word_1_273' title='bbox 987 4047 1018 4112; x_wconf 87' lang='grc' dir='ltr'><em>δὲ</em></span> <span class='ocrx_word' id='word_1_274' title='bbox 1049 4045 1184 4129; x_wconf 84' lang='grc' dir='ltr'><em>κερύμια</em></span> <span class='ocrx_word' id='word_1_275' title='bbox 1207 4053 1260 4113; x_wconf 85' lang='grc' dir='ltr'><em>τοῦ</em></span> 
     </span>
     <span class='ocr_line' id='line_1_31' title="bbox 78 4166 1259 4258; baseline 0.006 -32"><span class='ocrx_word' id='word_1_276' title='bbox 78 4167 203 4248; x_wconf 77' lang='grc' dir='ltr'><em>ταρίχου</em></span> <span class='ocrx_word' id='word_1_277' title='bbox 227 4173 285 4232; x_wconf 93' lang='grc' dir='ltr'><em>τῶν</em></span> <span class='ocrx_word' id='word_1_278' title='bbox 309 4166 521 4249; x_wconf 84' lang='grc' dir='ltr'><em>ζευγηλατῶν.</em></span> <span class='ocrx_word' id='word_1_279' title='bbox 569 4167 697 4235; x_wconf 88' lang='lat' dir='ltr'><strong>Utiliter</strong></span> <span class='ocrx_word' id='word_1_280' title='bbox 722 4167 866 4234; x_wconf 89' lang='lat' dir='ltr'><strong>cumbis</strong></span> <span class='ocrx_word' id='word_1_281' title='bbox 891 4190 1060 4257; x_wconf 90' lang='lat' dir='ltr'><strong>componas</strong></span> <span class='ocrx_word' id='word_1_282' title='bbox 1081 4192 1163 4258; x_wconf 88' lang='lat' dir='ltr'><strong>qnae</strong></span> <span class='ocrx_word' id='word_1_283' title='bbox 1183 4169 1259 4233; x_wconf 90' lang='lat' dir='ltr'><strong>seri-</strong></span> 
     </span>
     <span class='ocr_line' id='line_1_32' title="bbox 76 4283 1260 4370; baseline 0.005 -22"><span class='ocrx_word' id='word_1_284' title='bbox 76 4283 120 4350; x_wconf 90' lang='lat' dir='ltr'><strong>bit</strong></span> <span class='ocrx_word' id='word_1_285' title='bbox 153 4287 310 4354; x_wconf 85' lang='lat' dir='ltr'><strong>Diodorus</strong></span> <span class='ocrx_word' id='word_1_286' title='bbox 344 4289 377 4353; x_wconf 91' lang='lat' dir='ltr'><em>in</em></span> <span class='ocrx_word' id='word_1_287' title='bbox 411 4289 482 4354; x_wconf 90' lang='lat' dir='ltr'><strong>libr.</strong></span> <span class='ocrx_word' id='word_1_288' title='bbox 520 4289 674 4354; x_wconf 87' lang='lat' dir='ltr'>XXXVII</span> <span class='ocrx_word' id='word_1_289' title='bbox 708 4290 747 4355; x_wconf 91' lang='lat' dir='ltr'><em>fr.</em></span> <span class='ocrx_word' id='word_1_290' title='bbox 785 4289 851 4355; x_wconf 87' lang='lat' dir='ltr'>III:</span> <span class='ocrx_word' id='word_1_291' title='bbox 888 4293 941 4354; x_wconf 84' lang='grc' dir='ltr'><em>τοῦ</em></span> <span class='ocrx_word' id='word_1_292' title='bbox 973 4291 1030 4368; x_wconf 80' lang='grc' dir='ltr'><em>μὲν</em></span> <span class='ocrx_word' id='word_1_293' title='bbox 1061 4290 1124 4370; x_wconf 71' lang='grc' dir='ltr'><em>γὰρ</em></span> <span class='ocrx_word' id='word_1_294' title='bbox 1154 4287 1260 4354; x_wconf 81' lang='grc' dir='ltr'><em>οίνον</em></span> 
     </span>
     <span class='ocr_line' id='line_1_33' title="bbox 76 4405 1259 4497; baseline 0.005 -27"><span class='ocrx_word' id='word_1_295' title='bbox 76 4405 206 4491; x_wconf 74' lang='lat' dir='ltr'><strong>(conieci</strong></span> <span class='ocrx_word' id='word_1_296' title='bbox 230 4407 329 4497; x_wconf 85' lang='grc' dir='ltr'><em>Χίον)</em></span> <span class='ocrx_word' id='word_1_297' title='bbox 354 4411 388 4475; x_wconf 82' lang='grc' dir='ltr'><em>τδ</em></span> <span class='ocrx_word' id='word_1_298' title='bbox 413 4409 555 4492; x_wconf 79' lang='grc' dir='ltr'><em>κεραμιον</em></span> <span class='ocrx_word' id='word_1_299' title='bbox 579 4411 725 4476; x_wconf 82' lang='grc' dir='ltr'><em>ἐπωλεῖτο</em></span> <span class='ocrx_word' id='word_1_300' title='bbox 739 4409 886 4492; x_wconf 78' lang='grc' dir='ltr'><em>δραχμῶν</em></span> <span class='ocrx_word' id='word_1_301' title='bbox 900 4411 1025 4488; x_wconf 77' lang='grc' dir='ltr'><em>ἕκατον,</em></span> <span class='ocrx_word' id='word_1_302' title='bbox 1049 4417 1106 4474; x_wconf 89' lang='grc' dir='ltr'><em>τῶν</em></span> <span class='ocrx_word' id='word_1_303' title='bbox 1129 4407 1159 4472; x_wconf 75' lang='grc' dir='ltr'><em>δὲ</em></span> <span class='ocrx_word' id='word_1_304' title='bbox 1182 4417 1259 4476; x_wconf 84' lang='grc' dir='ltr'><em>Πον-</em></span> 
     </span>
     <span class='ocr_line' id='line_1_34' title="bbox 73 4529 1260 4616; baseline 0.006 -24"><span class='ocrx_word' id='word_1_305' title='bbox 73 4533 160 4594; x_wconf 82' lang='grc' dir='ltr'><em>τικῶν</em></span> <span class='ocrx_word' id='word_1_306' title='bbox 185 4531 323 4613; x_wconf 88' lang='grc' dir='ltr'><em>ταρίχων</em></span> <span class='ocrx_word' id='word_1_307' title='bbox 346 4533 380 4596; x_wconf 79' lang='grc' dir='ltr'><em>τὸ</em></span> <span class='ocrx_word' id='word_1_308' title='bbox 404 4531 546 4612; x_wconf 84' lang='grc' dir='ltr'><em>κερύμιον</em></span> <span class='ocrx_word' id='word_1_309' title='bbox 570 4533 716 4616; x_wconf 81' lang='grc' dir='ltr'><em>δραχμῶν</em></span> <span class='ocrx_word' id='word_1_310' title='bbox 740 4533 956 4614; x_wconf 83' lang='grc' dir='ltr'><em>τετρακοσίων,</em></span> <span class='ocrx_word' id='word_1_311' title='bbox 978 4537 1035 4596; x_wconf 90' lang='grc' dir='ltr'><em>τῶν</em></span> <span class='ocrx_word' id='word_1_312' title='bbox 1055 4529 1085 4594; x_wconf 79' lang='grc' dir='ltr'><em>δὲ</em></span> <span class='ocrx_word' id='word_1_313' title='bbox 1102 4531 1260 4612; x_wconf 78' lang='grc' dir='ltr'><em>μαγείρων</em></span> 
     </span>
     <span class='ocr_line' id='line_1_35' title="bbox 74 4649 1257 4752; baseline 0.003 -39"><span class='ocrx_word' id='word_1_314' title='bbox 74 4653 109 4752; x_wconf 38' lang='grc' dir='ltr'><em>εἰ.</em></span> <span class='ocrx_word' id='word_1_315' title='bbox 128 4650 327 4736; x_wconf 72' lang='grc' dir='ltr'><em>διαφέροντες</em></span> <span class='ocrx_word' id='word_1_316' title='bbox 360 4655 580 4734; x_wconf 81' lang='grc' dir='ltr'><em>ύψαρτντικκῖς</em></span> <span class='ocrx_word' id='word_1_317' title='bbox 614 4657 831 4739; x_wconf 80' lang='grc' dir='ltr'><em>φιλοτεχνίαιρ</em></span> <span class='ocrx_word' id='word_1_318' title='bbox 853 4651 1016 4720; x_wconf 84' lang='grc' dir='ltr'><em>ταλοίνπων</em></span> <span class='ocrx_word' id='word_1_319' title='bbox 1038 4649 1208 4733; x_wconf 83' lang='grc' dir='ltr'><em>πεττύρων,</em></span> <span class='ocrx_word' id='word_1_320' title='bbox 1231 4655 1257 4718; x_wconf 86' lang='grc' dir='ltr'><em>σί</em></span> 
     </span>
    </p>
   </div>
   <div class='ocr_carea' id='block_1_3' title="bbox 0 0 1470 5004">
    <p class='ocr_par' dir='ltr' id='par_1_3' title="bbox 0 0 1470 5004">
     <span class='ocr_line' id='line_1_36' title="bbox 0 0 1470 5004; baseline 0 0"><span class='ocrx_word' id='word_1_321' title='bbox 0 0 1470 5004; x_wconf 95' lang='lat' dir='ltr'><em> </em></span> 
     </span>
    </p>
   </div>
  </div>
 </body>
</html>
