2990 5012
670 533 712 599 41

264 719 415 806 γαμηλίῳ
439 717 526 807 λέχει
549 745 584 786 τε
608 721 721 807 μοιχὸς
745 721 915 806 ἐντρυφῶν
939 726 1008 788 aad.
1133 761 1140 770 ,

176 835 343 904 Neminem
363 834 505 903 haesisse
526 835 560 902 in
582 835 643 903 isto
667 833 812 921 λάθρια.
837 837 950 927 Apage
971 837 1124 925 ineptias!
1152 843 1184 905 et
1205 857 1253 905 re·

131 969 216 1036 pone
238 969 378 1018 meeum:

395 1067 494 1146 γαμεῖ
516 1087 566 1139 τις
588 1061 793 1148 ἀνθρώπου
807 1071 915 1148 ’γαμεῖ

263 1173 460 1262 ὄλεθρον·
488 1181 524 1241 τὸ
549 1175 665 1242 λοιπὸν
690 1180 751 1264 γὰρ
776 1179 951 1263 ἐπιθυμίαι
975 1181 1088 1259 κακαὶ,

262 1289 412 1375 γαμηλίῳ
436 1289 521 1377 λε’χει
545 1317 580 1356 τε
607 1295 719 1378 μοιχὸς
745 1294 914 1378 ἐντρυφῶν

264 1405 319 1468 καλ
346 1411 545 1488 φαρμακεῖαι
572 1408 626 1469 καὶ
652 1411 755 1472 νόσων
782 1405 1014 1494 χαλεπώτατος

263 1521 402 1603 φθόνος,
425 1517 500 1601 μεθ’
526 1504 564 1582 οὗ
591 1515 630 1602 ζῇ
652 1527 763 1586 πάντα
787 1525 844 1586 τὸν
868 1523 943 1608 βίον
968 1528 1062 1602 γονή.

172 1745 250 1830 Peg.
275 1745 350 1812 231.
374 1745 486 1830 fragm.
509 1745 590 1812 VH:

262 1862 324 1922 Md
347 1863 408 1940 τὴν
432 1859 607 1944 Ἀθηνᾶν,
630 1859 768 1946 ἄνδρες,
793 1863 892 1927 εἰκόν’
917 1861 975 1927 οὐκ
999 1861 1063 1948 ἕχον

262 1973 366 2058 εὑρεῖν
390 1974 506 2056 ὁμοίαν
532 1979 577 2058 τῷ
601 1979 751 2054 γεγονότι
776 1981 962 2060 πράγματι,

262 2086 368 2170 ζητῶν
393 2091 472 2172 πρὸς
497 2089 637 2170 ἐμαυτὸν
662 2089 694 2152 τί
719 2088 842 2175 ταχέως
866 2087 1036 2155 οἰπολλιλει.

261 2199 444 2286 στρόβιλοςς
470 2203 504 2266 ἐν
528 2203 592 2286 ὅσῳ
616 2201 845 2290 συστρέφεται,
869 2202 1101 2291 προσέρχεται,

260 2312 519 2400 προέλαβεν,
545 2315 792 2402 ἐξέρριψεν,
813 2317 897 2383 αι’ὼν
922 2319 1083 2396 γίγνεται·
1110 2321 1176 2382 κτὲ.

172 2427 403 2514 Cerrigendum
426 2430 565 2497 videtur:

260 2543 545 2632 προσέβαλεν,
572 2543 818 2630 ἔξήρειφεν,
844 2543 927 2611 αι’ὼν
952 2545 1113 2624 γίγνεται.

170 2657 292 2725 Herum
314 2659 394 2726 illud
416 2659 478 2725 iam
498 2659 632 2727 eonieeit
654 2660 831 2744 Porsonus,
857 2660 997 2727 sednon
1017 2661 1122 2728 minus
1141 2679 1249 2727 neees-

124 2771 244 2838 sarium
274 2771 399 2839 videtur
429 2769 604 2857 ἐξερείσειν
643 2773 684 2840 de
717 2779 905 2860 tempestate
945 2775 1074 2841 arbores
1101 2773 1250 2842 radieitus

124 2886 283 2954 evellente
311 2893 407 2970 atque
437 2892 672 2972 prosternente,
702 2907 766 2971 qua
786 2887 820 2952 in
843 2906 877 2952 re
900 2885 1067 2954 ridiculum
1090 2894 1139 2954 est
1161 2889 1249 2971 ἐκρί-

122 3025 232 3065 πτειν.
265 2999 406 3084 Gegitari
436 3021 562 3085 quoque
592 3001 692 3087 pessit
722 3000 763 3067 de
793 3000 975 3087 reponendo
1007 2999 1177 3086 ἐξέτριψεν
1209 3003 1249 3068 el.

121 3112 243 3181 Herod.
267 3113 322 3178 VI.
346 3115 398 3198 37,
423 3134 533 3181 verum
555 3113 636 3180 illud
657 3113 881 3213 praetulerim..

170 3341 250 3425 rag.
274 3340 350 3406 238.
373 3339 486 3426 sagn.
509 3341 639 3408 xvnr:

253 3474 300 3521 vs.
324 3455 355 3520 3.
380 3457 481 3519 κακὸν
506 3457 567 3540 γὰρ
589 3453 718 3538 δαίμον’
743 3455 780 3519 οὐ
807 3454 977 3537 νομιστέον

380 3560 465 3633 ελναι
490 3569 565 3653 βίον
589 3567 781 3652 βλάπτοντα
806 3571 956 3654 χρηστόν.

166 3683 197 3748 Α
220 3681 283 3748 fine
306 3701 352 3748 vs.
376 3683 398 3747 4
419 3681 624 3768 probabiliter
644 3681 806 3752 addideris
829 3681 998 3748 οὐδένα.

166 3909 244 3994 Pag.
268 3909 343 3975 262.
366 3906 478 3994 fragm.
502 3907 600 3975 CXV.

279 4019 346 4084 Οὐκ
370 4020 434 4086 ἴστ’
457 4025 596 4104 ἄκονσμ’
621 4021 713 4103 ἣδιον
738 4029 759 4105 ἤ
784 4025 936 4108 ῥηθεὶς
962 4021 1056 4102 λόγος

277 4137 399 4220 πατρὸς
423 4135 501 4220 πρὸς
526 4137 597 4202 οἷὸν
622 4136 780 4224 περιέχων
806 4139 979 4220 ἐγκώμιον.

166 4249 250 4315 Tum
282 4249 395 4333 ῥηθείς
425 4249 568 4316 additum
599 4251 745 4335 languet,
777 4258 844 4320 turn
874 4251 1029 4320 sententis
1060 4252 1111 4320 his
1137 4254 1242 4322 verbis
