2968 5014
609 431 650 489 65

219 587 309 663 ούτοι
325 588 539 680 προσελθούσ’
555 587 668 688 ἦΔύιη
689 591 720 664 α’
735 589 969 684 ὠκύπτερος
985 600 1049 667 xci.

65 711 117 776 sed
139 711 236 796 ipsam
262 713 370 796 poetae
397 731 519 774 menum
546 717 577 776 te
602 713 776 778 restituisse
801 713 916 778 frustra
941 713 1119 779 contendes.

109 825 210 898 Quem
228 845 300 890 vero
323 825 447 890 sitista
469 824 581 892 lacuna
609 832 713 906 vetus,
748 832 873 914 apparet
907 852 946 894 ex
972 827 1104 894 Stobueo
1126 828 1195 902 Ecl,

64 940 157 1024 Phys.
181 940 216 1016 I,
239 943 275 1014 4,
299 941 358 1016 21,
381 963 410 1027 p
435 942 519 1018 114,
542 941 596 1007 ubi
618 942 699 1008 idem
723 965 766 1008 vs.
789 944 836 1008 sic
859 943 1026 1010 scribitur:

262 1043 354 1118 ούνοι
368 1045 590 1140 ιιροοελθούσ’
611 1048 631 1142 ἦ
650 1053 732 1142 Δύο]
755 1073 793 1120 σε
817 1051 996 1145 [πώποτε]

108 1165 201 1240 Quod
231 1165 473 1238 additamentum
504 1189 567 1234 non
597 1169 698 1256 magis
723 1171 893 1256 genuinum
917 1191 983 1236 esse
1005 1191 1096 1254 quem
1114 1167 1196 1234 illud

64 1280 113 1346 rel
139 1281 215 1346 inde
236 1280 349 1366 liquet,
372 1283 454 1367 quod
479 1282 702 1350 Graeculorum
725 1306 809 1350 more
828 1274 967 1350 πώποτε
981 1306 1037 1371 pro
1053 1280 1135 1350 ποτέ
1150 1289 1198 1350 eet

64 1395 249 1460 adhibitum.

109 1743 197 1810 stob.
224 1741 372 1821 LXVII,
394 1749 414 1808 8
437 1747 496 1810 τοῦ
516 1736 617 1810 αύιού
639 1743 760 1830 (nempe
781 1735 994 1833 Edpmt'dov)=

273 1854 537 1946 οἰκοφθορεῖν
556 1849 618 1946 γδρ
640 1847 743 1946 ἄνδρα
764 1847 881 1921 κωλύει
899 1851 976 1946 μονή

272 1964 371 2054 ἐσθλή
392 1965 672 2055 παραζευχθεῖσα,
696 1969 749 2034 καὶ
772 1957 872 2045 σώζει
893 1958 1023 2050 δόμοις.

63 2079 174 2168 Vulgo
195 2071 405 2170 οἰκοφθόρον,
426 2081 509 2166 quod
525 2081 694 2146 emendavi.

109 2531 200 2598 Stob.
216 2531 422 2611 LXXXVII,
438 2539 458 2598 8
482 2525 678 2620 Εὐριπίδου·

221 2639 259 2714 Ἠ
278 2639 380 2734 φύσις
403 2637 507 2730 redeo
528 2644 597 2709 νοῦ
615 2640 752 2728 γένους
771 2639 858 2709 ἐστὶν
877 2643 1017 2730 πατρίς·

112 2759 218 2826 Verba
241 2761 318 2846 ipsis
342 2761 477 2827 tenebris
500 2759 688 2825 obscuriore.
715 2758 880 2844 Suspicor:

223 2864 244 2962 ἠ
264 2866 367 2960 φύσις
387 2866 492 2959 exten
512 2869 581 2938 κού
601 2863 645 2938 ’νδ
665 2869 779 2957 γένος
800 2867 866 2949 ἐςὶν
887 2869 1028 2958 πατρίς·

59 2990 85 3052 i.
114 3009 142 3052 e.
169 2986 295 3052 Indolcs
320 2989 430 3074 cuique
455 3009 516 3052 ιιοιι
538 2986 620 3069 oripo
639 3006 698 3068 pro
723 2983 830 3068 patric
853 2991 908 3048 eet.
927 2983 1019 3063 Noli,
1035 2983 1080 3048 sit
1095 2989 1203 3070 poete,

59 3123 251 3188 quemqnam
287 3103 455 3191 despicere,
485 3101 568 3188 quod
603 3105 694 3166 uetus
736 3098 778 3162 sit
812 3099 999 3164 incivitate
1025 3099 1203 3164 obscuriore

61 3225 144 3298 cet,
175 3239 245 3284 nem
268 3210 325 3285 ούιι
347 3211 413 3298 ε”ςιν
432 3208 542 3290 οὐδεὶς
563 3207 836 3297 ἀποδεδειγμένος
856 3203 977 3294 τύπος,
1004 3204 1084 3300 tet*
1104 3235 1204 3300 πονη-

61 3325 150 3422 ρούς
169 3323 291 3407 πάντας
313 3323 334 3418 ἢ
353 3321 494 3418 χρφςούς
514 3331 623 3410 ποιεῖ,
662 3330 714 3414 qui
756 3347 878 3402 versus,
913 3327 992 3392 mule
1015 3325 1202 3413 Epicharmo

61 3447 198 3526 tributi,
214 3468 231 3511 e
245 3445 377 3512 Stobueo
393 3465 462 3510 cum
478 3442 547 3508 loco
564 3450 672 3510 nostro
688 3445 923 3530 coniunguntur
938 3444 971 3506 in
996 3443 1084 3506 codd.
1107 3455 1141 3512 A
1153 3451 1201 3527 M,

112 3791 203 3860 Stob.
226 3791 352 3869 CXVI,
377 3792 406 3855 6.

167 3895 206 3974 Ὠ
226 3909 341 3994 γῆρας,
364 3904 437 3974 οἵαν
456 3897 562 3972 ἐλπίδ’
581 3897 696 3994 ἡδονῆς
718 3900 821 3988 ἐ’χεις;

174 4017 226 4084 καλ
248 4019 316 4094 πᾶς
335 4041 386 4094 τις
406 4015 453 4092 εἰς
475 4016 513 4082 σὲ
531 4009 684 4100 βούλετ’
708 4007 920 4106 ἀνθρώπων
939 4013 1069 4098 μολεῖν,

172 4124 282 4214 λαβών
301 4131 337 4195 δε
358 4135 476 4218 πεῖραν
496 4128 707 4212 μεταμέλειαν
728 4119 894 4212 λαμβάνει,

173 4234 220 4316 ιύς
242 4233 337 4308 otte
357 4241 405 4322 ε’ςι
424 4247 532 4328 χεῖρον
554 4239 586 4306 ἐν
609 4243 715 4329 θνητῷ
736 4239 828 4326 γένει.

112 4357 315 4426 Goisiordius
347 4355 406 4420 hoc
445 4357 552 4442 fragm.
588 4378 684 4422 novae
719 4355 892 4419 comoediae
927 4357 1032 4438 poetae
1065 4349 1204 4415 tribuens

1035 4488 1048 4532 ε
