2990 5012
687 505 727 569 21

146 691 231 758 hune
252 689 406 775 tragicum
429 709 480 756 me
503 709 541 756 ea
562 689 675 756 alieubi
699 689 816 774 legisse
836 689 926 758 initio
945 690 1023 758 mihi
1033 691 1266 778 persuaderem.

146 806 277 872 Frustra
309 825 385 872 vero
418 804 571 889 quaesivi.
605 806 737 890 Integra
769 811 874 871 tamen
905 825 924 872 e
953 805 1116 890 tragoedia
1148 827 1187 872 ea
1212 805 1266 873 de·

147 925 272 1005 sumpta
298 939 368 986 esse
395 925 536 986 nonest
565 917 650 1002 quod
679 918 875 1002 dubitemus,
908 925 1043 1004 suntque
1065 919 1269 989 festivissima

146 1032 180 1099 in
203 1053 256 1099 ore
285 1032 442 1118 parasitae
464 1031 563 1098 nobili
584 1031 639 1097 illa
661 1033 817 1098 sententia
839 1032 998 1100 sordidam
1020 1038 1115 1118 atque
1135 1033 1266 1103 inhone-

146 1152 228 1215 stam
251 1166 341 1213 suam
362 1151 464 1213 artem
487 1144 592 1232 lapide
613 1143 822 1213 defendentis.

189 1377 267 1459 Peg.
293 1373 366 1441 116.
390 1371 542 1439 Eiusdem
565 1372 866 1435 ΣΤΡΑΤΙΩΤΟΤ
887 1371 1099 1458 fragmentum
1114 1376 1264 1462 primum,

143 1511 207 1576 quo
228 1489 402 1556 illustnatur
423 1493 515 1554 vetus
538 1486 710 1569 sententia,
734 1484 815 1552 nihil
836 1493 957 1553 eertum
980 1507 1051 1555 esse
1072 1487 1106 1554 in
1122 1491 1188 1558 vita
1209 1489 1264 1558 ho-

145 1603 280 1672 minum:

677 1712 767 1788 ὅστις
790 1716 970 1798 ἄνθρωπος
995 1713 1029 1777 δέ
1055 1717 1115 1798 φύς

232 1827 377 1912 ἀσφαλές
401 1853 433 1892 τε
459 1833 554 1910 κτῆμ’
579 1827 738 1912 ὑπάρχειν
763 1831 808 1911 τῷ
833 1829 895 1912 βιῷ
917 1826 1099 1908 λογίζεται,
1201 1901 1204 1908 ,

232 1942 387 2008 πλεῖστον
411 1948 610 2026 ἡμάρτηκεν·
635 1946 657 2024 ἤ
679 1945 741 2026 γὰρ
766 1943 899 2027 εἰσφορά
923 1968 973 2016 τις
998 1944 1142 2026 ἥρπασεν

232 2055 399 2123 τᾶνδοθεν
425 2061 537 2134 πάντ’,
561 2061 582 2139 ἤ
605 2055 680 2141 δίκῃ
705 2081 756 2131 τις
780 2055 965 2139 περιπεσὼν
991 2054 1155 2138 ἀπώλετο,

231 2175 253 2254 ἤ
275 2175 500 2256 στρατηγήσας
524 2168 730 2253 προσῶφλεν,
756 2174 777 2253 η’
800 2174 936 2256 χορηγὸς
961 2171 1106 2254 αἱρεθείς

233 2287 347 2370 ἱμάτια
373 2291 474 2370 χρυσᾶ
499 2285 679 2369 παρασχὼν
705 2287 750 2368 τῷ
775 2289 859 2370 χόρῳ
884 2287 982 2368 ῥάκος
1005 2291 1109 2370 φορεῖ,

230 2403 251 2481 η’
273 2401 479 2484 τριηραρχῶν
503 2397 667 2478 ἀπήγξατ’
692 2401 714 2480 ἤ
736 2396 845 2462 πλέων
870 2396 1005 2479 ἥλωκέ
1029 2422 1098 2462 ποι.

188 2513 223 2580 Si
252 2513 426 2597 genuinum
456 2520 505 2580 eet
527 2511 647 2597 ἥλωκε,
671 2514 875 2597 intellegatur
895 2513 958 2577 ὑπὸ
983 2510 1126 2596 λῃστῶν,·
1146 2531 1263 2580 vvetun-

141 2635 267 2710 temen,
299 2632 334 2692 ut
363 2625 483 2709 dicam,
515 2626 601 2710 quod
627 2626 746 2710 sentio,
770 2626 848 2692 mihi
870 2647 935 2693 uon
957 2625 1083 2693 videtur
1105 2626 1172 2693 veri
1194 2646 1265 2694 esse

142 2741 263 2824 simile,
295 2746 421 2826 poetam
444 2740 593 2806 maluisse
615 2740 649 2806 in
671 2739 731 2806 hae
753 2759 850 2806 eausa
872 2729 1064 2808 mentionem
1086 2740 1188 2807 faeere
1211 2760 1264 2826 pe·

141 2854 234 2921 riouli
256 2853 385 2922 lenioris
407 2860 439 2922 et
462 2854 566 2920 minus
589 2853 763 2938 frequentis
785 2874 881 2937 quam
900 2853 1053 2937 gravioris
1072 2861 1104 2920 et
1120 2854 1264 2938 frequen-

141 2967 247 3050 tioris,
272 2969 365 3051 quale
387 2973 437 3035 est
455 2967 664 3052 naufragium.
686 2967 765 3034 Utnt
783 2973 848 3052 est,
868 2987 928 3051 ego
947 2968 1147 3054 transpositis
1165 2969 1265 3036 litenis

141 3079 237 3149 scribi
259 3081 383 3146 malim:

254 3197 276 3276 ἤ
298 3197 505 3280 τριηραρχῶν
529 3191 691 3272 ἀπήγξατ’
716 3196 737 3274 ἤ
759 3190 868 3259 πλέων
893 3192 1046 3258 ὤκεελέ
1071 3219 1140 3258 ποι.

190 3308 244 3374 Vs.
264 3309 330 3374 3tio
349 3327 422 3374 oum
441 3306 622 3392 Hirsehigio
640 3328 697 3394 pro
716 3307 862 3390 ἥρπακεν
880 3307 954 3374 dedi
966 3309 1145 3392 niensium,
1158 3329 1266 3393 quam·

143 3421 194 3489 vis
216 3441 234 3488 e
257 3441 304 3488 vs.
329 3422 367 3486 8:

210 3539 231 3617 ἤ
253 3533 400 3621 βαδίζων
424 3539 445 3617 ἤ
468 3532 642 3600 καθεύδων
668 3531 961 3616 κατακέκοφθ’
986 3533 1041 3596 ὑπ’
1066 3535 1202 3599 οἰκετῶν

142 3649 245 3736 possit
273 3669 442 3735 apparere,
475 3649 720 3716 Grammatieam
742 3669 806 3714 non
830 3667 979 3734 respuere
1001 3648 1190 3714 Perfectum.
1213 3649 1266 3714 Vi-

143 3763 208 3830 eini
230 3769 337 3828 tamen
360 3762 479 3828 Aeristi
497 3760 661 3840 ἀπώλετο,
684 3759 889 3846 προσῶφλεν,
911 3760 1081 3841 ἀπήγξατο
1102 3768 1134 3828 et
1152 3761 1276 3827 ὤκειλε

145 3876 223 3966 (nisi
252 3897 303 3944 me
333 3877 447 3944 fefellit
475 3878 669 3969 nouieotura)
700 3878 894 3966 probabilem
913 3877 1050 3946 reddunt
1071 3879 1177 3945 lenem
1195 3877 1266 3945 Hir·

145 3991 260 4077 sehigii
281 3991 498 4058 mutationem.

191 4219 269 4303 Peg.
296 4219 370 4287 126.
394 4218 546 4288 Eiusdem
570 4218 906 4285 ΦΙΛΟΘΗΒΑΙΟΤ
928 4220 966 4286 ir.
990 4221 1023 4304 1,
1047 4239 1095 4288 vs.
1121 4219 1180 4286 17:
