2932 5004
643 336 683 398 91

71 521 118 587 ud
145 522 282 586 mlum
313 545 331 587 e
363 521 494 609 Polybio
518 521 715 612 descripsisse
739 521 812 587 inde
838 523 996 588 coniicias.
1047 523 1103 591 Sin
1127 525 1253 604 minus,

71 643 272 732 praetulerim
291 643 348 716 τὴν
367 643 445 709 ἰδίων
464 641 676 732 (τρο)οον’ρεσνν,
698 643 745 708 nti
768 642 876 710 scribit
896 667 925 710 r.
953 667 981 710 c.
996 645 1051 710 lib.
1067 646 1128 712 XII
1155 673 1162 711 ι
1190 651 1252 712 69:

71 763 273 845 διελέχθησαν
316 764 404 844 περὶ
450 771 505 838 τῆς
549 765 658 840 ἰδίοις
694 764 968 845 προαιρέσεως
1005 774 1067 840 τοῖς
1092 767 1255 842 Ἀθηναίων

72 891 258 964 στρατηγοῖς
292 886 376 962 τοτὲ,
412 897 443 950 et
476 886 510 950 in
544 884 592 950 his
628 887 781 974 excerptis
814 885 854 951 fr.
890 883 1051 952 XXXVIII
1078 892 1122 978 lp.
1159 886 1254 975 rob:

73 1003 158 1070 ἔδωκε
185 1013 296 1086 usipus
324 1013 380 1082 τῆς
412 1005 511 1078 ἰδίοις
541 1007 798 1089 προαιρέσεως.
845 1005 958 1072 Contra
980 1005 1094 1088 αἵρεσις
1119 1008 1257 1076 Diodoro

75 1139 116 1190 est
144 1129 287 1190 onim
311 1149 340 1191 s.
366 1127 539 1192 voluntas.
588 1125 641 1193 Sic
675 1150 704 1192 ν.
741 1149 770 1210 c.
808 1125 940 1194 XXXIII
971 1127 1011 1193 lr.
1045 1132 1106 1194 21:
1141 1128 1258 1204 τοὶντες

76 1260 140 1318 τοῖς
160 1245 365 1328 atpium
384 1247 496 1320 οἰκείως
515 1245 718 1322 διατεθέντες.

117 1365 244 1446 Altera,
270 1390 367 1456 quens
390 1366 554 1446 dicebaut,
577 1368 759 1434 coniectura
782 1380 869 1434 tento
890 1391 971 1458 quae
991 1369 1141 1458 leguntur
1160 1393 1257 1460 prope

76 1489 169 1554 finem
198 1489 232 1554 in
262 1487 350 1554 buno
381 1488 512 1554 modum
541 1489 675 1578 scripta:
702 1489 754 1556 nul
779 1488 917 1572 καθάπερ
941 1489 991 1554 ἐστὶ
1013 1493 1123 1565 σκηνὴν
1147 1493 1258 1572 rivalit-

76 1607 177 1686 βάτοις
211 1611 267 1684 τὴν
301 1610 471 1688 βοισνλείοον
504 1606 636 1676 ilerum
672 1609 793 1685 ἐποίησε
826 1610 920 1688 μηδὲν
950 1612 1072 1688 ἀγνοεῖν
1103 1618 1161 1678 τῶν
1192 1615 1258 1696 περὶ

77 1733 183 1796 αὐτῶν.
221 1729 304 1796 Dare
326 1730 490 1820 potuisset:
517 1730 640 1806 ἐποίησε
666 1731 749 1816 (τοὺς
773 1727 953 1818 Ῥωμαίους)
977 1731 1071 1810 μηδὲν
1091 1735 1175 1807 κτὲ.;
1204 1733 1258 1800 sed

77 1849 203 1928 maluit,
239 1849 374 1938 opinor,
409 1849 571 1939 aliquanto
603 1851 705 1916 acrius
735 1849 868 1916 eandem
893 1873 961 1916 rem
984 1852 1161 1940 significare
1182 1855 1260 1920 scri·

79 1969 197 2036 bondo:
236 1971 359 2046 ἒτοίνσε
395 1970 509 2052 (μηδέ
518 1970 576 2058 νον)
616 1970 711 2050 μηδὲν
743 1972 865 2048 οὶγνοοῒν
894 1979 952 2038 τῶν
984 1971 1051 2052 περὶ
1082 1975 1197 2051 αὐτῶν,
1226 1975 1259 2042 in

78 2091 188 2179 quibus
211 2090 307 2158 simul
330 2102 459 2180 apparet
483 2091 680 2180 corruptelae
704 2092 803 2181 origo.
912 2133 915 2141 ·

119 2211 156 2278 ln
178 2211 218 2278 fr.
247 2211 353 2278 XXIV
378 2211 466 2299 (XVI
488 2211 512 2302 §
538 2211 571 2299 2)
598 2212 717 2280 Graeca
741 2213 878 2300 syntaxis
900 2213 1061 2302 postulat,
1087 2227 1123 2280 ut
1146 2238 1190 2280 rs.
1219 2219 1259 2281 14

79 2333 284 2422 corrigamus:
309 2328 383 2398 ὥστ’
406 2333 436 2397 sl
454 2355 501 2406 τος
524 2333 656 2416 ἀφεῖλεν
676 2335 771 2400 αὐτοῦ
784 2335 819 2401 τὸ
832 2305 970 2413 ιδνοὶδνμοο
989 2335 1094 2415 μηδέν’
1119 2335 1164 2403 ἂν
1190 2336 1260 2427 (pro

77 2452 204 2540 μνδένοο)
237 2454 296 2520 τῶν
328 2454 517 2532 ἀγνοούντων
549 2459 715 2522 τνστεῦσοον
742 2457 827 2533 κτὲ.;
853 2457 1063 2546 etymologia,
1089 2471 1123 2524 ut
1147 2483 1191 2526 vs.
1222 2463 1260 2526 18

77 2575 214 2664 legamus
238 2574 339 2640 tribus
362 2575 473 2642 litteris
497 2576 636 2665 repetitis
660 2577 810 2650 robertis
830 2577 1011 2657 repudiosas
1033 2578 1260 2660 εἰσφέροντας.

77 2695 120 2761 Ile
149 2718 241 2762 more
265 2695 421 2762 Diodorus
445 2695 533 2764 hunc
556 2697 663 2764 locum
689 2697 787 2764 verbis
810 2719 924 2787 parurn
946 2697 1074 2764 dirersis
1097 2713 1259 2766 mutuatus

75 2829 119 2882 est
139 2839 157 2880 a
180 2813 333 2902 Polybio,
358 2839 454 2908 quern
477 2817 547 2884 uide
567 2818 602 2884 in
624 2818 681 2884 lib.
710 2814 817 2884 XXXI
840 2819 880 2884 fr.
908 2825 949 2898 4,
973 2820 1006 2886 iu
1030 2843 1094 2909 quo
1117 2833 1262 2912 excerpto

76 2950 135 3016 est,
170 2936 257 3026 quod
288 2960 353 3004 non
376 2939 449 3006 satis
472 2939 639 3008 emendate
662 2940 819 3006 scribatur
842 2940 921 3032 in§
948 2947 989 3021 5,
1014 2963 1108 3030 quarn
1132 2966 1170 3009 er
1192 2943 1262 3010 loco

74 3071 179 3124 nostro
214 3059 260 3124 sic
294 3060 435 3148 corrige:
472 3056 521 3132 οὓς
554 3060 612 3137 μὲν
644 3062 786 3137 εἰσῆγον,
815 3059 865 3135 οὓς
896 3061 923 3125 δ’
955 3063 1094 3130 οένέκλννε
1114 3064 1167 3129 sat
1191 3065 1261 3138 τοὺς

77 3179 227 3251 δονωιδνσνς
250 3180 321 3250 τοὺς
344 3179 403 3250 τὰς
427 3179 609 3260 repudietur
640 3181 853 3261 εἰσφέροντας
887 3181 1091 3250 oileum.
1141 3185 1261 3276 Vulgu-

77 3312 126 3365 tnr
153 3301 243 3367 enim
264 3300 493 3378 οἶσνὶγοογεν
521 3323 579 3388 pro
599 3299 808 3378 δοὲτοοττε,
834 3303 917 3390 quod
942 3305 1053 3370 vitium
1074 3309 1262 3372 contraxisse

77 3419 199 3488 ridetur
232 3443 250 3486 e
282 3441 463 3510 praegresso
491 3420 612 3498 εἰσῆγε.
661 3421 707 3486 Ex
740 3421 849 3488 eodem
880 3423 1010 3511 Polybio
1033 3427 1096 3490 iam
1122 3426 1262 3492 Valesius

78 3541 235 3608 restrclrit
257 3539 429 3619 damnum,
455 3539 539 3629 quod
562 3539 686 3606 illatum
710 3553 757 3607 cst
780 3541 820 3606 fr.
847 3543 952 3610 XXV:
977 3541 1158 3611 ὅτιτούτων
1181 3570 1262 3610 σον·

77 3661 275 3730 ελνδντων
321 3658 389 3736 ἧκον
430 3659 456 3726 oi
498 3664 551 3726 τοῦ
587 3660 730 3742 Γράκχον
770 3664 978 3743 πρεσβευταί,
1024 3664 1177 3754 legendo:
1215 3662 1261 3732 i'rr

76 3783 188 3850 τούτων
219 3781 586 3856 συντελεσθέντων,
620 3803 695 3848 nam
726 3781 875 3870 Polybius
907 3783 983 3850 ibid.
1010 3785 1049 3850 fr.
1078 3786 1256 3853 Vscribit:

79 3905 185 3980 ueris
213 3905 288 3978 τὴν
318 3903 554 3970 συντέλειαν
585 3910 656 3970 τῶν
680 3904 837 3981 οὶγώνων
860 3903 930 3986 ἄρτι
954 3905 1066 3972 τούτων
1089 3908 1262 3986 γεγονότων

80 4019 143 4092 teu
176 4025 201 4090 oi
229 4023 297 4103 esst
322 4024 372 4090 τὸν
394 4022 534 4104 Τιβέριον
558 4024 759 4103 πρεσβευταί.
809 4023 935 4114 Optime
956 4028 1003 4092 vir
1026 4030 1187 4120 egregius,
1212 4030 1265 4096 sed

70 4141 244 4233 -bucusque
266 4143 392 4212 frustra.
433 4142 524 4227 Quod
547 4155 654 4232 aperte
678 4157 862 4234 corruptum
886 4160 933 4212 est
956 4148 1093 4216 evidenti
1115 4149 1264 4217 emenda-

82 4267 154 4332 tioni
178 4263 362 4355 praeferunt
386 4263 532 4328 editores.

121 4384 313 4452 Incredibile
343 4383 431 4449 dictu
462 4397 527 4463 est,
568 4406 663 4473 quarn
699 4386 810 4451 crebro
844 4388 965 4455 scribae
988 4402 1121 4479 peccent
1141 4391 1174 4454 in
1200 4411 1265 4457 rer-

78 4504 191 4572 borum
223 4505 468 4596 compositorum
489 4505 772 4596 praepositionibus
790 4507 883 4574 modo
904 4509 1151 4590 confundendis,
1171 4512 1265 4578 modo

80 4627 270 4694 omittendis.
316 4626 411 4693 Cuius
443 4627 488 4694 rei
520 4649 635 4694 uorum
669 4629 848 4718 exemplum
879 4629 999 4696 dabunt
1030 4629 1124 4696 rerba
1154 4633 1265 4700 ultimo

1003 4751 1059 4801 12*
