2932 5004
8 675 10 808 ί

8 809 10 926 ι

640 320 681 380 81

71 513 208 567 moretm
237 503 271 568 'ru
299 499 361 567 hoc
389 501 478 580 loeo,
500 503 534 567 in
558 523 621 591 quo
643 502 743 592 ipsam
768 503 909 568 vitiosam
931 501 1098 568 verborum
1121 525 1251 594 compo·

8 633 9 660 l
72 623 213 688 sitiouem
233 621 393 688 emblema
415 645 548 713 arguere
572 623 664 700 satis,
687 635 723 688 ut
746 645 855 713 spero,
881 623 1172 691 demonstravimus.

111 743 182 809 Nou
214 744 320 834 potuit
349 745 486 834 ineptius
517 745 661 834 usurpari
689 767 864 834 pronomen
894 741 980 820 οὗτος
1012 769 1108 834 quam
1130 747 1250 812 factum

70 863 183 931 ridebis
207 888 252 931 rs.
279 868 322 930 23
345 865 379 930 iu
402 864 471 931 his:
503 870 610 931 ταῦτα
633 865 659 928 δ’
683 865 808 948 ἔφασαν
828 869 870 937 είς
890 867 960 939 τοὺς
980 868 1145 948 προχείρως
1168 867 1251 933 eoo-

8 1011 10 1068 ι
70 1011 149 1060 τοις
178 985 198 1062 ’l
230 985 337 1059 πίλοις
368 985 386 1062 ἢ
419 985 547 1070 φρούρια
579 985 826 1068 παραδώσοντας.
874 986 1016 1077 Scriptor
1047 986 1170 1052 Atticus
1192 1011 1250 1076 pro

8 1125 9 1144 ί
70 1104 197 1183 τούτοις,
227 1106 264 1170 ni
291 1105 405 1184 fallor,
438 1105 630 1173 adhibuisset
659 1108 777 1190 σφίσιν.
824 1106 979 1172 Diodorus
1007 1107 1120 1172 maluit
1142 1131 1179 1172 ex
1203 1109 1252 1174 sui

72 1229 136 1292 aeri
164 1225 394 1292 cousuetudine
424 1227 560 1293 seribere
589 1229 713 1305 αὐτοῖς,
738 1226 824 1316 quod
844 1226 1073 1318 reponendum.
1122 1227 1251 1316 Perlege

8 1363 9 1412 ξ
71 1347 145 1414 ruihi
166 1360 271 1413 totum
294 1349 527 1438 fragmentum,
552 1361 584 1416 et
607 1349 794 1414 consenties.
843 1348 881 1414 lu
905 1349 1019 1414 ricinia
1042 1373 1086 1415 rs.
1113 1352 1156 1413 24
1180 1371 1250 1414 eor-

8 1459 9 1488 *
71 1470 133 1558 rige
149 1470 288 1552 χορῆγια
310 1491 366 1558 pro
389 1479 558 1551 χορηγεῒα,
582 1483 615 1536 et
636 1472 705 1535 καί
729 1471 829 1536 αὐτῶν
853 1477 912 1559 pro'
933 1477 1005 1534 κατ’
1028 1473 1139 1536 αὐτῶν.
1187 1471 1252 1538 lle-

8 1595 9 1624 ³
71 1592 163 1680 nique
193 1592 228 1656 in
259 1593 447 1680 praegressis
478 1615 523 1658 rs.
555 1595 595 1658 18
619 1592 838 1682 palimpsestus
861 1592 979 1680 optime
1003 1591 1147 1680 supplet:
1173 1589 1251 1658 ίίστε

8 1713 9 1718 ’
71 1718 124 1776 τῶν
146 1712 361 1793 συναχθέντων
387 1710 584 1799 (χρημάτων)
609 1711 746 1794 ἐκόμιζον
768 1712 811 1778 τά
830 1720 978 1779 πλεῖστα.

113 1833 210 1898 Emer
230 1833 266 1898 iu
292 1833 341 1898 his
363 1835 515 1922 excerptis
538 1832 619 1923 pede
642 1833 758 1922 premit
780 1855 933 1912 errorem3
958 1855 1032 1897 nem
1055 1833 1088 1898 iu
1112 1833 1151 1898 fr.
1175 1833 1250 1900 xxi

73 1953 188 2041 (ltu)
226 1977 333 2020 rursus
367 1955 591 2034 iureniuntur,
628 1977 709 2044 quse
740 1954 888 2044 oppositis
921 1953 1077 2019 frontibus
1107 1955 1189 2020 iuter
1218 1979 1251 2022 se

8 2059 9 2084 i
72 2097 208 2164 pugnare
237 2077 308 2142 iure
337 2075 434 2142 dicas.
483 2076 605 2166 Nempe
634 2077 668 2140 in
698 2075 766 2141 his:
801 2078 892 2156 ἡμεῖς
922 2075 953 2141 δὲ
979 2080 1033 2140 τοῦ
1055 2076 1252 2154 Πτολεμαίου

8 2229 9 2284 3
73 2199 123 2270 siro
142 2193 236 2270 οὕτως
256 2197 372 2274 sysois
394 2195 516 2279 Φύσιν
539 2193 650 2262 οὐκῶν
672 2195 983 2278 προηγουμένως
1002 2197 1252 2276 ἀνεπισήμαντον

75 2315 236 2397 ἓάσαιμενς
264 2316 416 2382 tribuitur
446 2317 625 2383 Ptolemaeo
656 2316 752 2400 φάσις
773 2318 921 2396 άγεννιὶς;
944 2339 1017 2382 mor
1039 2341 1114 2384 reso
1134 2311 1251 2384 dicitur

75 2439 170 2526 ipsum
202 2438 414 2504 eontrarium:
447 2437 483 2504 τὸ
513 2439 576 2520 γάρ
604 2438 691 2512 ίκτίς
721 2437 884 2517 γενόμενον
913 2444 971 2504 τῶν
1003 2439 1102 2504 δεινῶν
1123 2441 1176 2506 καί
1203 2465 1250 2506 το·

8 2559 10 2640 l
76 2563 195 2626 σαῶτα
227 2560 264 2648 (l
290 2560 480 2647 τοσοῦτον)
510 2559 716 2644 άφεστνκίτα
742 2560 802 2624 τῶν
831 2558 985 2638 πολεμίαν
1005 2559 1130 2626 ansteo
1153 2559 1251 2626 καίά-

8 2749 9 2756 Ὶ
76 2703 126 2760 περ
155 2682 271 2746 άκονιτί
301 2689 528 2765 παραχωρῆσαι
559 2681 727 2762 βασιλείας
754 2683 910 2761 μεγίστης
934 2681 986 2747 καί
1010 2680 1250 2761 μακαριωτάτης

77 2801 134 2874 πῶς
155 2804 208 2868 οὐκ
230 2799 270 2866 άν
292 2825 339 2874 τις
363 2803 514 2882 ἡγήσαιτο
530 2808 645 2885 ψυχῆς
668 2801 794 2875 τελείας
815 2800 1251 2890 (1.σελίσς)ἐιτεοηλυρίνης

79 2921 112 3007 ll.
143 2921 422 3010 ἕκτείιρλνμμίνιρς)
454 2917 547 3003 είναι;
582 2919 632 3000 νίν,
662 2921 696 2988 εί
728 2921 801 3001 μὲν
832 2922 1049 3002 συνέβαινε
1071 2927 1250 3007 φυσικῶς

78 3043 275 3127 ὑπάρχειν
297 3032 482 3126 Πτολεμαίῳ
504 3042 649 3119 τοιαύτην
674 3041 745 3118 loos
769 3041 809 3109 άν
823 3068 870 3118 τις
889 3044 1003 3120 ἐκείνην
1023 3043 1123 3132 (ίρίῶς
1135 3042 1249 3130 insere)

8 3233 9 3264 ,
76 3165 332 3246 καταμέμψαιτο·
366 3160 428 3230 ὅτι
461 3164 519 3252 (sio
549 3163 619 3230 cod.
650 3187 708 3254 pro
734 3159 797 3253 irs)
823 3164 862 3229 et
893 3164 955 3229 διά
985 3169 1060 3230 τῶν
1089 3161 1251 3246 ὕστερον

8 3273 9 3344 l
77 3285 251 3365 πράξεων
283 3285 450 3369 ἡφύσις
482 3288 630 3358 ἱκανῶς
658 3285 753 3366 ὑπὲρ
776 3287 900 3360 αὑτῆς
924 3285 1162 3364 άπελονιίίν
1186 3287 1251 3350 κτὲ.

8 3443 10 3456 »
77 3403 130 3470 llis
148 3407 245 3496 igitur.
265 3419 298 3473 et
319 3406 542 3496 sequentibus,
568 3429 649 3495 quae
671 3407 738 3496 ipse
756 3406 918 3496 perleges,
944 3405 1095 3471 docemur
1110 3405 1253 3471 animum

8 3589 9 3600 ,
77 3527 152 3614 regis
169 3531 305 3610 φυσικῶς
328 3529 382 3592 οὐκ
402 3526 516 3604 άνεννῆ
539 3527 653 3592 sensim
674 3525 713 3591 ab
732 3527 878 3593 eunucho
891 3527 1057 3591 artificiose
1069 3538 1254 3614 corruptum

77 3669 157 3727 me,
189 3647 290 3713 donec
319 3645 448 3712 tandem
471 3647 618 3713 vitiorum
639 3647 796 3714 illecebris
819 3647 950 3712 eraserit
971 3645 1084 3720 τελέας
1107 3647 1251 3724 άγεννιίς.

79 3765 138 3832 Sed
156 3769 229 3833 satis
249 3767 342 3834 eredo
360 3769 424 3834 iam
442 3769 509 3858 ipse
527 3767 612 3834 rides
625 3768 664 3832 ab
677 3768 766 3833 initio
779 3789 836 3857 pro
848 3767 943 3850 φύσιν
954 3767 1176 3856 corrigendum
1188 3763 1259 3835 esse'

77 3889 191 3968 ψυχάν.
229 3887 292 3956 Sed
312 3889 382 3978 quis
400 3887 515 3955 deinde
533 3889 614 3955 leret
633 3887 880 3970 weogernensium,
899 3909 961 3976 quo
982 3887 1031 3954 rix
1045 3886 1131 3952 aliud
1143 3887 1255 3954 adver.

8 4031 9 4070 ι
78 4007 161 4076 bium
181 4010 338 4077 Graecum
351 4009 493 4076 adbiberi
505 4010 538 4076 b.
552 4009 576 4075 l.
589 4010 741 4100 potuisset
751 4009 913 4100 ineptius?
939 4006 1101 4098 Suspicorr
1120 4011 1210 4087 ἡμεῖς
1223 4011 1256 4076 δὲ

8 4161 9 4206 ς
75 4135 129 4195 τοῦ
148 4129 344 4237 Πτολεμαίου
363 4133 418 4208 τὴν
442 4127 533 4204 οίίτονς
554 4131 667 4208 άνεννῆ
687 4130 824 4212 ψυχὴν
847 4131 900 4194 οὐκ
919 4127 958 4194 ἂν
981 4129 1253 4210 προσηκόντως

75 4252 318 4332 ἀνεπισήμαντον
338 4250 489 4331 ἐάσαιμεν
511 4252 535 4317 i.
548 4274 577 4316 e.
602 4254 675 4330 ἡμῖν
696 4251 721 4315 δ’
744 4251 797 4316 οὐκ
821 4248 859 4314 ἂν
884 4249 1071 4328 προσήκοι
1095 4252 1149 4316 ἐῶν
1168 4251 1252 4324 κτῶ,

76 4372 183 4440 eodem
210 4395 303 4440 sensu
326 4395 389 4462 quo
413 4372 445 4437 iu
470 4371 509 4438 fr.
537 4375 580 4436 22
604 4371 678 4436 libri
702 4369 807 4436 XXXI
831 4369 972 4459 scripsit:
1000 4365 1035 4434 οὗ
1055 4369 1090 4454 (i.
1116 4391 1145 4433 e.
1172 4367 1253 4433 Pru·

76 4493 149 4582 siae)
173 4493 208 4560 τὸ
232 4501 288 4571 τῆς
314 4501 424 4576 ψυχῆς
449 4492 575 4572 άνεννὲς
602 4494 654 4557 οὐκ
680 4487 763 4567 άξιον
790 4497 978 4572 παραλιπεῖν
997 4489 1252 4566 ἀνεπισήμαντον.

75 4612 260 4706 Saepissime
280 4627 385 4682 autem
405 4626 511 4680 noster
529 4611 675 4681 adverbio
696 4610 902 4692 τροσνκίντας
922 4610 966 4673 sic
986 4607 1087 4672 utitur
1105 4631 1135 4674 r.
1157 4631 1186 4676 c.
1212 4611 1253 4678 ίσ.

997 4730 1029 4779 ll
