2944 5002
727 343 822 414 ,54

204 526 414 610 κατέσφαξε.
463 527 522 593 vir
555 529 674 596 Graeca
707 542 799 608 sunt,
826 551 907 619 quae
931 529 1080 620 leguntur
1103 533 1192 598 initio
1216 535 1255 600 ir.
1284 535 1395 604 xvtss

205 648 310 736 (XIII)
344 651 459 740 scripta
481 651 515 714 in
537 649 624 715 hunc
647 649 798 715 modum:
825 652 935 716 Κελτοί
960 651 991 717 δὲ
1014 653 1278 730 peroraturus
1306 661 1394 724 κατά

203 769 360 849 Ῥωμαίων
379 771 561 850 πόλεμον
584 771 875 852 άθροίσαντες,
901 772 1077 850 συνῆξαν
1100 777 1198 840 λαὸν
1221 777 1393 858 μυριάδας,

202 890 306 956 είκοσι.
354 891 537 958 Inauditum
564 892 651 958 euim
674 904 739 958 est:
774 891 911 972 τθλεμον
935 893 1077 976 άθροίζειν
1101 895 1186 960 κατά
1209 921 1288 970 τινος
1312 921 1388 988 pro:

202 1011 339 1091 τίλεμον
372 1013 621 1094 παρασκευάζειν
654 1013 707 1078 ἐτί
729 1037 799 1079 τινα
823 1037 848 1079 s.
873 1013 946 1094 τρίς
975 1039 1065 1092 τινα,
1094 1029 1148 1081 aut
1171 1039 1228 1106 pro
1254 1018 1393 1096 adterere

202 1134 339 1216 αίρεσθαι
364 1159 388 1201 s.
416 1135 554 1218 ἐκφέρειν
576 1135 648 1214 τριάς
671 1157 754 1201 τινα.
791 1135 904 1224 Neque
927 1136 1024 1225 igitur
1042 1137 1201 1204 suffecerit
1214 1161 1391 1228 reponere,

203 1255 288 1345 quod
323 1269 390 1322 erat
424 1279 525 1346 quum
561 1256 726 1322 verisimile
754 1281 820 1324 esse
843 1257 1031 1323 arbitrarer:
1058 1259 1243 1338 πόλεμον
1267 1261 1393 1350 άδρ(δν

203 1376 436 1463 {Epiacum
466 1379 676 1456 συνήγαγον
707 1385 805 1444 λαῶν
826 1377 979 1460 μυριάδας
1000 1379 1108 1456 είκσσι,
1133 1381 1206 1468 quia
1231 1382 1275 1446 sic
1296 1382 1393 1447 simul

204 1497 426 1588 corrigendum
454 1499 553 1564 foret:
588 1499 661 1580 τρδς
691 1499 859 1578 Ῥαμαίους
888 1522 946 1589 pro
970 1501 1056 1565 κατά
1079 1502 1247 1578 Ῥωμαίων.
1297 1501 1394 1569 Gete-

203 1641 274 1684 rum
308 1595 498 1685 vocabulum
532 1619 639 1701 άδρθς,
675 1619 761 1708 quod
797 1619 863 1686 fere
897 1620 1096 1710 elegantioris
1127 1643 1200 1687 usus
1228 1635 1275 1689 est
1306 1625 1393 1712 apud

203 1741 415 1829 antiquiores,
457 1741 710 1830 frequentissime
751 1739 901 1806 adhibere
940 1743 1129 1808 recentiores
1172 1755 1203 1808 ct
1237 1744 1393 1832 imprimis

204 1861 359 1927 Diodorus
378 1874 472 1928 amat.
506 1861 553 1928 De
576 1861 660 1928 bello
678 1884 754 1932 ,usus
774 1873 821 1928 est
840 1885 869 1928 r.
891 1885 920 1928 c.
944 1859 1168 1952 Aristophanes
1188 1863 1270 1930 Rau.
1288 1867 1389 1930 1159:

202 1981 293 2062 μέγα
315 1983 350 2048 τί
374 1988 530 2064 πρᾶγμα,
554 1983 633 2048 πολὺ
657 1984 692 2048 τί
716 1990 829 2059 νεῖκος,
853 1981 939 2062 άδρδς
964 1983 978 2047 θ
1002 1981 1137 2062 τθλεμος
1161 1981 1298 2066 ἔρχεται.
1325 1984 1390 2052 Sed

204 2101 245 2168 ob
268 2127 338 2168 eam
362 2127 488 2169 causam
513 2125 608 2192 quarn
631 2102 715 2179 dixi,
740 2103 800 2167 alia
819 2103 975 2168 medicina
995 2103 1174 2192 quaerenda
1194 2117 1250 2170 est.
1287 2105 1393 2172 Erunt

204 2225 350 2302 sortasse,
384 2223 500 2312 quib'us
530 2245 594 2288 non
625 2221 819 2311 displicuerit
842 2221 921 2288 haec
944 2223 1135 2289 emendandi
1156 2224 1254 2289 ratio:
1281 2227 1393 2291 Κελτοί

205 2345 237 2409 δὲ
256 2346 341 2424 μετά
360 2351 511 2410 Γαλατῶν
536 2343 620 2408 κατά
645 2343 800 2421 Ῥωμαίων
824 2343 982 2423 δύναμιν
1006 2344 1258 2427 ἀθροίζοντες
1281 2349 1394 2423 συνά-

203 2489 336 2544 γαγσν
382 2471 488 2530 λαῶν
530 2464 680 2545 μυριάδας
715 2463 818 2530 είκοσι.
867 2463 929 2530 Sed
971 2487 1083 2554 purum
1126 2477 1275 2554 apparet,
1311 2489 1394 2556 quo·
1460 2459 1461 2462 ¹

203 2585 297 2652 modo
326 2585 454 2663 δύναμιν
487 2587 520 2650 in
555 2585 691 2663 τθλεμον
732 2585 892 2674 corrumpi
925 2587 1075 2675 potuerit.
1125 2585 1393 2675 insequentibus

203 2709 253 2773 tir
283 2709 381 2773 risum
409 2709 570 2773 contineas
599 2707 725 2796 legens:
758 2704 836 2772 ι’θστε
867 2707 919 2772 καί
951 2707 1004 2773 τίν
1033 2707 1182 2786 μέγιστον
1205 2709 1305 2772 αὐτῶν
1328 2710 1392 2787 βα·
1459 2757 1460 2783 ς

202 2828 293 2894 σιλία
320 2829 429 2893 ἑαυτοῦ
453 2828 609 2908 θερίσαι
633 2827 700 2892 τίν
723 2826 940 2910 τράχηλον.
990 2827 1083 2918 Apud
1108 2840 1227 2894 veteres
1251 2851 1314 2894 non
1339 2831 1393 2895 ni-

203 2949 228 3013 si
259 2948 383 3037 tragicis
414 2949 458 3013 ita
477 2947 566 3038 loqui
585 2949 631 3012 fas
654 2959 719 3026 est,
747 2971 774 3013 r.
801 2971 830 3014 c.
881 2947 1047 3038 Euripides
1071 2971 1109 3014 ea
1130 2949 1266 3015 formula
1289 2951 1395 3018 utitur
1458 3031 1459 3038 ρ

202 3071 235 3134 in
267 3067 379 3158 Suppl.
415 3093 457 3134 rs.
492 3072 568 3135 730.
619 3067 820 3134 Recentiores
852 3069 971 3158 optimc
1002 3068 1138 3135 scribere
1159 3069 1218 3134 sibi
1243 3069 1394 3139 ridentur
1458 3059 1459 3089 r

201 3190 277 3254 talin
317 3189 529 3254 immiscentes
568 3189 701 3254 orationi
732 3187 888 3278 pedestri,
925 3211 1006 3277 quae
1041 3202 1151 3279 suapte
1186 3203 1299 3256 natura
1334 3193 1394 3258 iila
1457 3279 1458 3282 Ἴ

201 3311 330 3402 respuit.
380 3309 416 3375 ln
448 3310 557 3375 ricinis
588 3331 652 3374 nou
678 3309 808 3398 expedio
833 3308 945 3374 rerba:
972 3309 1023 3375 τὸν
1047 3310 1077 3374 δὲ
1102 3310 1236 3392 δεύτερον
1260 3315 1395 3380 αὐτοῦ

201 3433 327 3515 ζῶντα
358 3439 534 3506 ποιῆσαι.
584 3431 610 3496 Ε
644 3429 847 3520 sequentibus
882 3429 983 3519 liquet
1016 3429 1188 3497 Aemilium
1212 3455 1267 3498 sua
1290 3457 1396 3501 manu

103 3639 106 3644 Ι
200 3553 373 3620 secuudum
406 3551 569 3618 Gallomm
598 3550 701 3640 legem
732 3553 835 3616 virum
860 3551 991 3640 cepisse3
1020 3573 1117 3639 quare
1141 3557 1391 3643 exspectaveris:
1456 3547 1457 3606 Ῠ

199 3674 249 3738 τὸν
281 3675 311 3739 δὲ
338 3675 475 3756 δεύτερον
498 3675 550 3740 ὑπ’
574 3675 669 3739 αὐτοῦ
693 3674 838 3752 Αἰμιλίου
861 3672 960 3753 ζῶντα
984 3675 1154 3757 ληφθῆναι,
1180 3674 1230 3740 vel
1253 3675 1395 3756 άλῶναι,

198 3793 249 3858 rel
272 3793 387 3877 ζωγρίᾳ
409 3796 582 3876 ληφθῆναι,
606 3793 656 3859 vel
679 3791 816 3882 denique
840 3792 1046 3875 ζωγρηθῆναι,
1071 3795 1114 3860 ita
1136 3807 1171 3860 ut
1190 3794 1271 3860 nihil
1294 3795 1395 3884 quid·
1455 3849 1456 3880 ρ

199 3935 296 4002 quarn
319 3927 442 3979 certum
465 3917 523 3992 sit,
556 3927 586 3979 ct
610 3937 721 3978 uranus
745 3913 901 3980 abstinere
923 3917 1124 4005 praestiterit.
1175 3915 1394 4006 interpolato·

198 4055 266 4098 rem
300 4047 473 4122 grassatum
507 4057 572 4099 esse
608 4033 772 4123 suspiceris
796 4035 829 4099 in
852 4035 909 4113 iis,
932 4057 1014 4123 quae
1038 4035 1107 4100 init.
1134 4035 1228 4101 huius
1252 4037 1395 4127 paginae
1454 4109 1455 4126 p

197 4157 242 4222 sic
261 4155 378 4243 scripta
401 4167 539 4220 exstant:
560 4161 703 4233 Ρωμαῖοι
728 4155 758 4219 δὲ
783 4155 835 4220 καί
859 4154 1095 4238 αθτοίέχοντες
1116 4156 1215 4238 πεζῶν
1235 4155 1455 4239 μυριάδας

197 4277 454 4356 ἑβδομήκοντα,
444 4301 505 4341 ινιτ
505 4275 612 4366 torp.
633 4273 797 4363 ίνιτεῖς)δ
816 4277 1075 4357 ἑττακισμνρίους
1096 4275 1320 4364 [τῶνδθστολὲ
1321 4303 1395 4356 μων
1452 4323 1454 4342 ι

198 4398 372 4477 ἡττημένον
406 4397 576 4480 Ῥωμαίων]
612 4397 654 4476 τῷ
690 4395 780 4478 τρίτῳ
817 4397 940 4479 πολέμῳ
976 4399 1062 4462 κατά
1098 4397 1208 4477 κράτος
1242 4399 1395 4473 ε’νίιινσαν
1453 4391 1454 4414 i

202 4513 386 4605 [”Ρωμαῖοι].
434 4517 516 4606 Lege
540 4537 622 4604 quae
645 4515 857 4604 praecedunt,
883 4529 914 4581 et
938 4515 1056 4582 ridebis
1080 4516 1169 4582 nullo
1194 4517 1287 4583 modo
1307 4520 1393 4588 ferri

199 4655 304 4722 posse,
340 4659 422 4723 quae
456 4635 579 4703 uncinis
613 4636 824 4726 circumsepsi.
875 4637 926 4704 ur.
961 4636 1018 4703 XX
1051 4649 1150 4704 estur
1178 4640 1313 4718 πόλεμον
1337 4643 1398 4709 τὸν
1451 4637 1453 4686 ³

57 4875 203 4958 A
