2932 5004
787 319 848 382 134

220 507 362 582 Ῥωμκῖοι
386 539 431 552 ·-
453 504 668 587 ἀγωνιζόμενοι
700 504 828 570 δεινόν
859 508 987 582 ἡγοῦντο
1016 509 1153 588 φοονῆνυι
1185 511 1244 570 τῶν
1272 505 1408 581 ἡττόνων

221 623 345 702 ἥττους,
376 627 399 691 i.
433 647 462 690 e.
497 627 666 694 Romanis
691 649 770 692 oero
792 625 973 714 iudignum
997 625 1181 690 videbatur
1203 634 1267 690 cet.
1317 624 1407 692 Inter

219 745 280 810 δεῖν
303 757 335 810 et
358 717 418 810 δειό
443 745 465 834 (,
485 747 528 812 sic
552 747 637 812 enim
656 749 907 826 τυχυγρυφικιῖς
931 745 1073 834 pingitur
1099 745 1222 832 δεινόν,)
1249 757 1314 810 tam
1336 745 1406 811 lere
1456 755 1457 826 3

218 865 384 931 intercedit
414 865 602 945 discrimen,
627 879 662 930 ut
685 867 719 930 in
741 863 873 929 eranido
897 865 1118 954 palimpsesto,
1144 867 1177 930 in
1201 888 1264 954 quo
1288 889 1405 932 accen-

217 999 267 1052 tus
289 989 466 1076 saepissime
488 986 638 1075 distingui
661 985 790 1051 omnino
809 999 988 1074 nequeant,
1014 986 1083 1052 fieri
1103 987 1219 1076 possit,
1246 999 1281 1052 ut
1294 1009 1405 1054 revera
1456 1055 1457 1060 ,

189 1183 192 1190 Δ
215 1107 248 1172 id
269 1108 414 1196 legatur,
440 1107 524 1196 quod
548 1107 720 1172 sententiae
745 1128 844 1171 uuum
868 1107 1034 1173 convenire
1058 1107 1162 1196 palam
1186 1120 1243 1173 est.
1456 1089 1457 1094 ἵ

262 1230 313 1295 Fr.
339 1227 479 1294 XXXIII
505 1226 654 1314 (XXIII).
704 1226 810 1314 Lege:
838 1223 882 1291 ότι
907 1227 921 1291 ό
951 1226 1010 1313 [δὲ]
1035 1229 1220 1306 Λαμπώνιος
1245 1228 1309 1292 κπὲ.
1456 1273 1457 1310 3

261 1348 314 1413 Fr.
340 1346 478 1412 XXXIV
502 1345 648 1433 (XXIV).
697 1345 801 1434 Lege:
837 1349 854 1420 ἡ
884 1345 977 1428 φύσις
1003 1350 1082 1423 κύτη
1106 1348 1305 1429 προετρέπετο
1329 1349 1404 1428 πρός
1456 1379 1457 1426 3

218 1468 300 1555 [την]
335 1468 444 1543 οὶλκην.
492 1465 613 1532 Ibidem
645 1487 744 1554 prope
775 1465 872 1531 finem
895 1466 1120 1556 suppleverim:
1149 1468 1297 1545 ὑπέμενεν
1324 1465 1402 1554 (οὖν)

214 1586 342 1660 ἕκαστος
362 1589 442 1664 κτὲ.,
461 1599 496 1652 ut
508 1598 592 1652 recte
604 1585 683 1651 haec
696 1584 884 1652 cohaereant
897 1609 970 1652 curn
982 1587 1254 1676 praecedentibus.
1282 1585 1404 1654 Contra

214 1710 247 1774 in
279 1709 318 1773 lr.
346 1707 483 1773 XXXVI
506 1705 675 1772 deleverim
698 1705 845 1794 copulam
869 1706 952 1772 male
975 1707 1189 1774 abundantem
1215 1709 1249 1773 in
1272 1709 1400 1774 verbis:

213 1828 381 1900 ἀκολούθως
404 1828 433 1893 δὲ
456 1827 571 1901 τούτοις
596 1827 664 1892 uel
690 1828 774 1894 κοντοὶ
797 1830 852 1902 την
876 1829 1043 1908 πκρσυσῖοον
1063 1836 1115 1894 τοῦ
1134 1829 1402 1908 βυσιλέωςοὶπήν-

212 1974 270 2016 των
299 1952 333 2016 orl
361 1949 466 2023 πόλεις
497 1950 561 2014 κτὲ.
610 1948 799 2014 Incredibile
829 1949 917 2014 dictu
945 1962 1008 2029 est,
1039 1951 1160 2038 quoties
1184 1973 1317 2039 sequens
1344 1965 1401 2016 aut

211 2093 427 2160 praegressum
451 2070 536 2136 κσοτόι
560 2069 706 2158 copulam
729 2071 897 2159 pepererit.

257 2192 310 2257 Fr.
333 2189 487 2256 XXXVII
513 2188 676 2276 (XXVII).
714 2189 820 2278 Lege:
846 2193 872 2255 ol
893 2193 919 2256 δ’
940 2191 1036 2272 οὶόρόοι
1057 2191 1280 2272 προσπεσόντες
1298 2192 1401 2275 τούτῳ

212 2313 262 2378 κκῖ
282 2311 334 2376 τὸν
353 2311 489 2376 Ἀκίλιον
510 2309 806 2398 (συν)οιρποόσοοντες
827 2311 954 2390 ἕδησυν,
980 2324 1015 2377 ut
1034 2335 1105 2378 mox
1125 2325 1209 2378 recte
1229 2313 1398 2382 scribitur:

210 2431 336 2515 Φόοόσοος
367 2431 429 2512 γόορ
461 2431 529 2505 τοὺς
554 2429 728 2508 μέλλοντος
752 2431 968 2514 συνκρποόζειν
992 2433 1097 2500 αὐτόν.
1146 2431 1268 2500 Deinde
1292 2436 1399 2524 scrip-

211 2555 324 2618 serim:
358 2554 397 2626 ὠς
427 2552 599 2627 καλλίστην
625 2552 667 2632 τῷ
695 2553 829 2630 βοισιλεῖ
853 2553 904 2618 nal
930 2553 1156 2634 κεχωρισμένην
1179 2554 1288 2635 δωρεόιυ
1312 2556 1400 2620 ἐπι·

209 2675 387 2756 πέροψονπες
412 2696 469 2762 pro
493 2673 733 2754 ἐκπέμψαντες.

254 2797 307 2862 Fr.
346 2793 516 2860 XXXVIII
552 2793 731 2882 (XXVIII).
787 2794 892 2883 Lege:
929 2793 1026 2875 τέχνη
1063 2794 1269 2876 κυβερνητῶν,
1304 2793 1401 2869 relic-5

213 2916 300 3002 [τῶν]
320 2916 390 2980 νεῶν
400 2963 408 2992 ,
433 2918 539 2994 ἐρετῶν
556 2914 719 2994 ἐμπειρόοο,
741 2913 883 2992 δυνόμεις
904 2915 1078 2992 ἡγεμόνων,
1098 2915 1256 2992 ε’πιβοοτῶν
1274 2916 1400 2995 οόρετοοό.

210 3037 375 3102 Praeterea
409 3037 474 3101 lere
508 3034 633 3100 malim:
671 3035 841 3115 ἐμπειρίαι
875 3037 938 3100 κτέ.
988 3035 1148 3102 Articulus
1183 3035 1326 3100 deleatur
1362 3038 1400 3102 in

209 3158 276 3224 his:
303 3157 354 3224 κοιῖ
380 3161 397 3233 ἡ
422 3157 543 3222 πόντων
573 3156 654 3244 [τῶν]
683 3159 783 3223 κυκῶν
807 3157 966 3238 ποορκῖπιος
992 3157 1119 3232 circilo.

255 3281 307 3345 Fr.
335 3279 410 3344 XL:
436 3277 482 3344 ότι
501 3277 590 3351 Polio:
610 3279 728 3358 Μόριος
754 3285 825 3344 τοῖν
850 3281 1008 3360 ἀνθρώπων
1031 3279 1279 3361 ἐπιφανέστατος
1299 3301 1401 3356 7:70-

209 3406 272 3477 νοός.
322 3400 478 3466 Graecum
512 3406 577 3464 es't:
616 3399 776 3464 πόντων
809 3401 967 3480 οένόροόπων
999 3403 1063 3465 κτὲ.
1111 3400 1160 3465 lb.
1195 3424 1238 3465 rs.
1267 3403 1333 3465 29:
1362 3405 1401 3466 οὐ

208 3524 295 3604 μόνον
326 3523 364 3588 δὲ
395 3525 446 3589 τόν
477 3521 698 3600 ε’πιόυριηόὲντοο
730 3526 862 3586 πλοῦτον
891 3524 945 3586 οὐκ
968 3521 1068 3600 ἔλκβε
1090 3524 1156 3588 κτέ.
1204 3519 1320 3586 Probat
1345 3520 1402 3587 his

208 3645 309 3710 verbis
351 3643 505 3710 Diodorus
547 3642 579 3707 id
623 3641 707 3731 quod
744 3643 778 3706 in
811 3643 998 3731 praegressis
1033 3641 1168 3708 dixerat:
1202 3642 1320 3722 Μόριου
1356 3655 1402 3726 τῇ

207 3765 394 3848 προσηκοόση
428 3772 602 3845 περιπεσεῖν
639 3764 788 3846 τιμωρίᾳ,
821 3763 929 3851 itaque
960 3764 1102 3852 scripsit:
1134 3766 1167 3828 οὐ
1194 3763 1282 3842 μόνον
1313 3765 1403 3846 γὰρ
1456 3845 1457 3850 ¹

206 3887 270 3950 κτὲ.
318 3885 398 3950 lbid.
440 3909 472 3974 p.
513 3888 576 3950 183
613 3907 655 3950 rs.
693 3888 730 3948 11
768 3883 872 3948 denuo
908 3885 1102 3972 corrigatur:
1139 3882 1402 3966 μιουφονηόέυτες

206 4003 341 4085 όικριτοι
366 4005 616 4094 proditrices,
642 4017 677 4070 ut
701 4005 899 4085 circumcisura:
922 4003 973 4069 edi
997 4005 1086 4069 solet.

251 4127 304 4191 Fr.
331 4125 404 4192 XLI
426 4126 517 4191 init:
545 4123 588 4192 ότι
613 4125 864 4208 interponimus:
890 4124 1050 4204 ἀνθρώποις
1076 4129 1204 4198 πλοῦτος
1228 4123 1404 4202 μεηοὶλκις

204 4243 392 4327 περιβάλλει
433 4253 607 4330 συμφοραῖς
649 4247 743 4312 ε’νίοτε
782 4248 852 4320 τοὺς
893 4247 1145 4322 ε’πιόυμησοοντυς
1180 4247 1403 4324 μετοολοοβεῖν.
1456 4231 1457 4266 ³

208 4364 427 4455 Supplendum
450 4390 468 4432 e
491 4367 711 4455 palimpsesto:
749 4365 870 4456 (κὺτοῦ)
893 4367 1102 4446 μετυλυβεῖν.
1153 4367 1283 4432 UtInam
1306 4367 1407 4436 idem
1456 4357 1457 4362 ἵ

209 4484 303 4551 codex
337 4487 529 4554 subvenisset
566 4487 790 4575 sequentibus:
828 4485 1067 4568 προτρεπόμενος
1101 4489 1164 4568 ριόορ
1195 4490 1237 4562 εἷς
1267 4489 1406 4567 vidixone

208 4603 259 4666 κω)
291 4609 482 4688 πυροονόμους
515 4606 655 4690 πρόξεις,
688 4609 738 4676 rol
767 4609 899 4690 χορηγός
926 4608 1083 4688 γενόμενος
1107 4608 1211 4684 πόσης
1234 4611 1406 4693 οὶκροιτοῦς
