2968 5014
837 417 878 476 66

302 592 423 678 egregie
442 591 576 672 fellitum
604 615 672 658 nam
696 593 805 676 μολεῖν
828 589 904 656 solis
924 590 1053 676 tragicis
1077 590 1179 656 dicere
1201 591 1321 656 licebat.
1346 589 1432 655 Hinc

303 706 394 770 simul
414 715 538 793 apparet
557 713 701 795 corrupta
719 727 785 771 esse
807 703 955 771 voeabula
976 696 1105 786 βούλετ’
1124 697 1320 794 deiculum,
1344 728 1432 791 prop

301 826 384 886 terea
417 823 500 908 quod
536 823 741 910 diphtongum
773 843 806 886 αι
833 818 947 884 elidere
969 823 1077 906 poetae
1099 821 1214 907 tragici
1238 843 1300 886 non
1324 819 1432 886 solent.

301 936 456 1002 Erfurdtii
489 940 667 1003 coniectura
700 926 844 1017 ἐβούλετ’
875 935 943 999 iura
968 933 1115 1020 explosa,
1138 935 1314 1022 Wagnerus
1336 936 1433 1001 multo

301 1051 410 1117 melius
426 1042 578 1133 βούλεται
599 1053 726 1140 βροτῶν
743 1047 853 1130 μολεῖν
875 1049 1071 1114 scribendum
1088 1071 1154 1114 esse
1169 1053 1354 1136 suspicatur.
1367 1051 1434 1138 Ego

301 1169 335 1233 iu
371 1167 675 1234 ΒΟΥΛΕΤΑΝΩΝ
706 1163 810 1228 videre
842 1163 917 1229 mihi
951 1164 1056 1228 videor
1086 1168 1434 1232 BOYAETAINEQN

302 1286 323 1347 i.
346 1307 371 1346 e.
392 1271 560 1360 βούλεται
579 1274 673 1342 νέων
691 1276 809 1360 μολεῖν.

347 1745 464 1806 Anton.
482 1735 599 1801 Meliss.
612 1739 643 1798 et
656 1733 783 1800 Maxim.
794 1735 828 1800 in
840 1735 887 1800 ed.
899 1735 986 1801 Stob.
1000 1755 1018 1798 a
1032 1737 1130 1811 1609,
1142 1733 1238 1798 Serra.
1250 1729 1437 1808 CXLVIII,

304 1881 332 1944 p.
358 1859 432 1932 237,
461 1859 514 1918 lt:

458 1959 500 2032 λῖν
519 1967 588 2039 τοῖς
610 1967 718 2038 καινοῖς
738 1965 790 2028 δεῖ
808 1957 885 2038 roric
906 1963 1028 2052 φίλους
1049 1953 1245 2050 εὐεργετεῖν·

458 2071 535 2142 ὅταν
556 2069 618 2163 γάρ
639 2066 659 2162 ἦ
679 2065 759 2162 τύχη
781 2075 886 2149 καλῶς
904 2075 1004 2158 διδοῖ,
1024 2073 1057 2140 ιλ
1080 2067 1142 2162 χρῆ
1163 2073 1282 2158 φίλους

349 2191 552 2277 Recipiendis
582 2187 631 2252 his
662 2189 801 2254 versibus
832 2189 914 2254 inter
944 2191 1079 2254 incertas
1106 2187 1268 2274 Euripidis
1292 2185 1440 2273 reliquias

305 2307 447 2394 probavit
479 2303 655 2392 Wagnerus
687 2327 719 2368 ae
749 2310 820 2369 ante
851 2311 1027 2390 susceptum
1055 2303 1166 2368 edendi
1190 2303 1348 2388 negotium
1376 2325 1441 2367 non

306 2423 545 2512 diligentissime
574 2419 666 2485 huius
700 2421 813 2507 tragici
849 2418 972 2484 fabulas
1005 2417 1179 2505 perlegisse.
1210 2419 1337 2505 Inspice
1362 2418 1442 2482 mihi

307 2545 464 2616 Orestem,
504 2535 557 2601 ubi
596 2559 639 2600 vs.
674 2535 739 2602 665
775 2557 841 2620 sqq.
875 2533 1155 2622 Agamemnonides
1189 2531 1236 2598 sic
1268 2532 1445 2619 alloquitur

306 2655 496 2723 Menelaum:

408 2805 448 2819 -
467 2759 565 2852 Ἐρεῖς
587 2755 761 2829 ἀδύνατον·
784 2753 863 2828 αδτδ
884 2765 998 2827 τοῦτο·
1018 2753 1097 2834 τούς
1117 2759 1238 2848 φίλους

474 2877 506 2940 ἓν
525 2879 596 2950 τοῖς
614 2879 723 2949 κακοῖς
745 2867 806 2963 χον)
828 2879 898 2948 τοῖς
919 2873 1066 2961 φίλοισιν
1086 2864 1240 2962 ὠφελεῖν,

474 2984 551 3057 ὅταν
571 2981 601 3052 δ’
621 2979 639 3053 ὁ
661 2987 786 3070 δαίμων
807 2975 843 3051 εδ
866 2987 948 3070 διδοῖ
966 2985 1000 3051 el
1019 2987 1071 3050 dei
1091 2982 1213 3072 pillum

477 3095 570 3190 nipast
587 3093 648 3186 γὰρ
670 3086 767 3172 mele
787 3090 805 3164 ὁ
830 3091 910 3173 deris·
930 3091 1070 3188 ω’φελεῖν
1090 3095 1200 3163 θέλων.

354 3220 427 3284 Non
449 3217 619 3292 dubitabis,
638 3216 764 3301 opinor,
785 3235 902 3278 meeum
927 3219 1062 3278 statuere
1085 3233 1190 3302 versus
1214 3231 1279 3274 esse
1299 3212 1448 3287 eosdem,

308 3333 363 3400 sed
384 3333 463 3421 apud
484 3332 650 3398 Stobaeum
673 3331 717 3394 ita
742 3330 872 3416 pessime
892 3333 1056 3415 corruptos
1080 3347 1146 3392 ease
1168 3330 1199 3391 et
1221 3325 1449 3412 interpolatos,

310 3455 346 3516 ut
378 3471 477 3535 nequa
510 3453 640 3514 metrum
676 3445 735 3509 sibi
767 3451 907 3525 constet,
930 3465 1030 3529 neque
1050 3443 1221 3508 Graecitas.
1250 3428 1295 3508 Eri
1318 3435 1451 3509 διδόναι

310 3569 434 3631 fortuna
456 3563 628 3630 rectissime
646 3559 778 3639 dieitur3
801 3558 907 3632 καλοῖς
930 3549 1054 3623 διδόναι
1067 3556 1096 3621 h.
1110 3579 1133 3622 s.
1149 3559 1337 3622 Graecorum
1355 3579 1449 3622 nemo

311 3683 414 3746 dicere
440 3681 552 3768 potuit.
575 3675 667 3750 Quod
692 3675 729 3740 ad
753 3673 833 3738 hanc
857 3672 1027 3736 scribarum
1055 3673 1088 3737 in
1119 3669 1253 3738 Stobaeo
1283 3670 1448 3737 licentiam

311 3796 424 3862 attinet
446 3797 572 3861 omnino
596 3793 709 3868 confer,
728 3812 805 3874 quae
825 3788 960 3854 Cobetus
981 3809 1077 3874 nuper
1101 3787 1271 3874 disputavit
1293 3787 1329 3851 in
1355 3788 1450 3852 Mne

313 3935 387 3976 mos.
411 3911 481 3975 Vol.
506 3909 573 3986 IX,
601 3933 629 3994 p.
654 3906 816 3972 ase-148.
839 3903 1000 3968 Praeterea
1024 3901 1246 3990 hincapparet
1270 3923 1363 3988 saepe
1389 3928 1452 3968 non

312 4032 450 4116 integros
474 4029 579 4091 afferre
602 4025 686 4088 locos
711 4021 875 4086 Stobaeum
901 4019 954 4103 (el.
978 4019 1064 4084 Stob.
1089 4017 1256 4096 XXXIV,
1279 4019 1327 4103 2).

808 4248 956 4260 „unu—n·-
