2944 5002
662 337 703 408 ⁷5

102 520 176 589 άπλα
203 520 364 602 σώζεσθαι.
413 520 448 588 Si
472 521 552 588 nihil
575 519 722 588 excidisse
745 532 917 599 statuetur,
950 519 1100 610 suspicari
1132 520 1268 608 poteris:

104 643 344 723 εόιτολιυριιιίσας
368 642 382 706 ὂ
404 642 538 722 Περσεὺς
561 643 657 716 τοὺς
688 642 757 720 μὲν
781 641 937 714 άλλουο
959 637 1182 718 άπίσΦαξε
1207 640 1271 705 uri.

103 761 156 830 Sed
184 762 293 829 docuit
322 785 379 830 nos
409 763 601 853 experientia
632 785 727 853 quam
749 763 811 830 sint
833 763 981 829 lacunosa
1003 763 1083 828 haec
1106 773 1271 851 excerpta,

104 906 189 972 qnare
221 882 328 974 potius
361 881 552 962 ridendum,
584 906 624 949 an
655 907 695 949 ne
728 882 835 950 littera
867 881 994 972 quidem
1028 894 1151 948 mutata
1185 882 1274 948 locus

103 1005 132 1068 ia
168 1003 253 1070 hunc
296 1005 362 1072 iere
402 1003 532 1072 modum
567 1005 685 1096 expleri
718 1005 833 1096 possit:
871 1001 917 1071 θτι
951 1004 986 1070 τί
1021 1002 1198 1084 Χάλεστρον
1229 1041 1276 1054 --

103 1125 293 1204 πολιορκήσας
316 1125 331 1190 o'
354 1125 488 1206 Περσεὺς
511 1121 602 1212 (εἷλε)
627 1125 679 1192 καί
705 1125 787 1214 (τοὺς
806 1123 922 1200 σίλλους
947 1122 1018 1212 μὲν)
1047 1123 1169 1196 πάντας
1199 1113 1276 1190 άποὲ

103 1242 241 1327 σφάξας,
271 1244 338 1326 περὶ
362 1245 577 1318 πεντακοσίους
600 1245 631 1311 δὲ
655 1246 881 1330 συμφυγόντων
904 1283 950 1298 -·
973 1245 1079 1312 ἔδωκεν
1102 1247 1206 1318 αὐτοῖς
1230 1279 1275 1292 -

102 1365 250 1447 νίζεσθαι.
300 1363 431 1432 &num
464 1365 579 1432 dende
614 1378 660 1432 est
692 1367 857 1456 sequentia
889 1367 934 1434 sio
967 1389 1033 1434 esse
1069 1363 1272 1456 corrigenda:

101 1492 154 1552 ror
177 1486 209 1552 δὲ
240 1484 470 1561 ποιησάντων
501 1487 536 1552 σθ
564 1487 758 1569 συγχωρηθὲν
781 1510 838 1578 pro
861 1492 920 1553 τῶν
942 1487 973 1552 at
996 1485 1277 1564 ποιησαμένων,

103 1607 150 1695 qui
171 1607 318 1674 immanis
341 1619 389 1672 est
410 1605 634 1672 barbarismus.

140 1725 266 1817 Optime
296 1728 361 1792 iam
392 1727 555 1792 Reiskium
585 1749 707 1792 sanasm
736 1725 826 1793 rideo
849 1727 975 1792 initium
993 1723 1040 1793 fr.¹
1061 1727 1089 1789 V
1111 1726 1277 1792 inserendo

100 1846 130 1926 ir
155 1860 224 1938 post
250 1845 313 1922 υίὸς
344 1847 454 1914 ctuosi
486 1859 560 1914 ante
587 1845 686 1922 κατά,
710 1859 745 1912 ut
768 1844 847 1912 mihi
870 1867 996 1935 quoque
1022 1845 1067 1933 (et
1090 1847 1142 1912 cui
1168 1847 1276 1934 non?)

99 1969 210 2058 legenti
244 1980 313 2034 erat
341 1967 556 2034 manifestum.
610 1967 695 2034 Fieri
724 1978 830 2032 tamen
860 1977 981 2056 potest,
1008 1978 1045 2031 ut
1067 1987 1141 2030 eum
1167 1964 1279 2032 eodem

100 2087 264 2156 erraverim
294 2087 411 2156 ibidem
439 2109 537 2178 prope
568 2087 667 2154 finem
696 2087 729 2152 in
759 2085 881 2152 verbis:
907 2083 987 2158 ὅπως
1011 2082 1157 2162 ἅπαντας
1181 2109 1279 2152 κατα

101 2206 296 2287 πληξάμενος
317 2207 387 2281 τοὺς
411 2207 591 2286 δυναμένους
615 2208 898 2274 ἀντιπολιτεύεσθαι
929 2208 1089 2273 καθαπε
1097 2207 1154 2288 pri
1182 2207 1279 2288 κύριος

100 2327 222 2404 άπάσης
246 2335 302 2402 τῆς
325 2330 466 2410 Ἠπείρου
489 2328 628 2394 inserens
651 2326 669 2411 ᾖ
692 2341 762 2418 post
785 2327 924 2403 dordone.
972 2327 1101 2396 Scilicet
1119 2329 1280 2418 ingeniosa

99 2463 141 2516 est
175 2449 357 2518 coniectura
392 2448 548 2516 Dindorfii
581 2449 787 2539 proponentis
817 2452 1001 2532 κατασπαθρῑ
1033 2473 1091 2540 pro
1114 2449 1281 2532 καθαπερεί

98 2573 178 2650 ατε..
201 2569 287 2660 quod
311 2592 368 2636 cur
391 2569 533 2636 additum
556 2569 595 2636 sit
618 2592 682 2634 non
704 2570 904 2660 perspicitur.

140 2691 241 2758 Parra
272 2689 327 2758 aed
357 2691 531 2758 necessaria
558 2690 670 2756 rocula
698 2691 826 2780 periisse
856 2689 980 2758 ridetur
1009 2691 1043 2756 in
1074 2690 1114 2754 fr.
1142 2690 1220 2756 vlt:
1247 2693 1281 2756 οὐ

96 2813 156 2890 μὲν
179 2821 243 2885 τοῖς
267 2809 494 2892 πρεσβυτάτοις
519 2810 643 2892 ἤρεσκε,
667 2833 749 2899 qnae
774 2810 894 2877 Graeca
918 2823 1029 2890 erunt,
1054 2812 1081 2877 si
1104 2810 1278 2901 scripseris:

97 2935 129 3000 εί
150 2935 216 3012 ριίρν
238 2940 303 3006 τοῖς
326 2957 373 3010 γε
396 2931 623 3013 πρεσβυτάτοις
648 2931 766 3013 ἤρεσκε.

138 3051 198 3118 rr.
222 3049 268 3118 lx
291 3051 440 3140 eclogarii
463 3051 557 3141 culpa
580 3051 620 3117 ab
643 3052 733 3118 initio
755 3053 890 3142 pessime
912 3052 1047 3120 laborat.
1095 3053 1218 3143 Nempe
1239 3053 1283 3118 sic

95 3171 232 3260 legitur:
256 3168 301 3238 ὅτι
322 3179 518 3252 προνοητικῶς
537 3176 589 3238 τοῦ
613 3171 762 3253 συνεδρίου
775 3173 1014 3254 προνοησομένου
1029 3172 1073 3262 (ί)
1089 3173 1153 3262 (καί
1166 3169 1281 3256 insere)

95 3293 182 3358 mai
215 3290 322 3358 πάντα
350 3292 494 3372 εὐκαίρως
528 3300 583 3368 τῆς
605 3297 664 3358 τῶν
686 3294 903 3374 φιλανθρώπων
922 3293 1139 3374 μεταθέσεως
1165 3292 1200 3382 (l.
1225 3317 1285 3372 με·

92 3413 274 3486 redderer
305 3435 380 3482 cum
408 3412 556 3494 Muliero)
588 3412 825 3492 ἐπιλαβομένου.
872 3419 936 3480 Τοῦ
968 3415 1032 3497 γάρ
1058 3414 1195 3496 Περσέως
1218 3415 1283 3478 κτὲ.

95 3533 194 3602 vides
217 3556 314 3624 quam
333 3532 466 3600 absurde
487 3533 650 3600 Genitirus
662 3533 823 3600 absolutus
835 3547 986 3624 sequatur
999 3547 1067 3625 post
1079 3529 1134 3600 θτι.
1160 3534 1285 3600 Bonum

92 3656 220 3722 ructum
236 3667 359 3733 temam
385 3675 459 3720 nam
471 3652 545 3720 inde
557 3666 686 3743 apparet
698 3655 936 3745 epitomatorem
948 3656 1015 3744 ipsa
1029 3655 1157 3722 Diodori
1168 3653 1284 3734 rerba,

91 3799 179 3866 quae
217 3776 363 3842 ultimam
396 3785 528 3864 partem,
553 3775 715 3842 effecerint
748 3775 890 3866 periodi,
925 3778 1044 3842 intacta
1075 3799 1284 3844 conservasse.

93 3898 205 3983 Quam
232 3897 340 3986 inepte
373 3893 594 3984 praecedentia
629 3896 781 3962 omiserit
802 3919 1049 3964 commemorare
1082 3899 1130 3964 nii
1160 3898 1284 3964 attinet.

91 4017 217 4086 Helius
236 4017 335 4107 igitur
358 4015 446 4085 hiet
469 4015 584 4082 similes
607 4015 670 4082 loci
692 4016 725 4082 in
745 4014 832 4082 hune
851 4017 981 4084 modum
1001 4017 1186 4084 ederentur:
1210 4015 1286 4104 [ὅτι]

89 4173 139 4188 -
160 4142 366 4221 προνοητικῶς
386 4137 450 4202 ιισὲ.
488 4135 559 4202 Mox
580 4158 653 4204 eum
672 4135 783 4204 eodem
806 4136 848 4204 Μ.
873 4137 1023 4205 fortasse:
1050 4142 1126 4214 πάρ
1149 4139 1224 4218 γάρ
1247 4135 1286 4202 ἂν

88 4281 153 4347 pro
173 4263 260 4332 πῶς
289 4257 352 4338 γάρ
377 4254 416 4322 do
440 4255 675 4324 rescribendum
698 4269 765 4338 est,
790 4257 875 4347 quod
895 4259 966 4324 fieri
987 4271 1091 4348 potest
1114 4271 1149 4324 ut
1172 4257 1287 4324 habeat

85 4382 159 4470 ipse
179 4378 427 4470 palimpsestus‚
449 4378 590 4466 quamvis
609 4379 821 4446 excutientem
843 4401 894 4446 me
912 4401 1038 4468 quoque
1050 4378 1187 4444 latuerit.
1216 4376 1287 4468 Ipse

85 4499 302 4590 auspicabar:
330 4499 393 4574 πῶς
417 4497 479 4580 γάρ
504 4499 570 4564 οὐκ
592 4496 638 4564 άν
661 4523 724 4571 τις
745 4498 866 4573 είιοίτως
888 4499 1054 4578 διαλάβοι,
1074 4499 1156 4570 reric
1173 4521 1286 4587 quem-

87 4621 274 4690 admodum
300 4618 376 4690 alibi
400 4617 535 4688 scribere
554 4618 632 4686 solet
651 4632 682 4686 ct
701 4621 733 4686 in
755 4619 793 4687 fr.
816 4619 953 4686 xxvii:
976 4622 1038 4688 πῶς
1062 4618 1131 4682 οὐκ
1155 4615 1201 4682 άι
1224 4643 1284 4690 τις

1007 4736 1042 4787 10
1054 4733 1066 4764 *
