2968 5014
634 421 672 482 Π

137 594 308 678 Hucusque
323 585 408 659 unire
431 595 557 675 σεμνῶς
579 595 682 662 omnis
705 595 892 680 procedunt.
914 602 945 660 et
972 593 1051 658 nibil
1067 599 1124 667 est,
1138 592 1220 678 qued

90 709 211 773 demere
233 715 286 773 sut
316 707 427 772 addere
463 707 546 772 velis.
583 711 650 774 Iam
684 731 753 774 vero
784 709 868 788 vide,
899 731 988 794 quern
1016 709 1136 774 miselle
1158 709 1222 774 sint

89 831 123 887 et
145 830 235 910 poeta
259 823 305 888 uel
331 823 419 888 valde
442 824 589 888 mediocri
614 823 834 912 indignissime
854 848 931 910 quae
952 829 1141 911 sequuntur:

189 942 223 996 19
248 937 418 1026 προσέχων
436 959 473 1002 τε
491 937 595 1002 ταῦτα
614 938 668 1003 καί
688 929 788 1026 φύσιν
808 938 906 1005 θείαν
925 938 1066 1028 φορῶν,

246 1044 284 1124 ὂς
305 1049 370 1114 πᾶν
389 1041 428 1112 σύ
450 1047 567 1131 λεχθὲν
588 1046 621 1114 ἐν
640 1051 774 1136 βροτοῖς
796 1039 984 1132 διαείσεται,

245 1155 283 1235 ὃς
302 1150 466 1248 δρώμενον
487 1157 525 1224 δὲ
543 1159 609 1225 πᾶν
631 1157 711 1226 ἰδεῖν
730 1150 908 1250 δυνήσεται

137 1274 251 1340 Tribus
282 1272 330 1338 his
363 1271 501 1337 versibus
530 1271 611 1338 nihil
639 1275 768 1338 omnino
792 1275 910 1340 dicitur
932 1275 1014 1360 quod
1038 1299 1100 1342 nou
1124 1276 1222 1342 multo

90 1389 202 1454 melius
225 1391 257 1452 in
282 1387 402 1454 duobus
426 1387 679 1472 praecedentibus
699 1391 909 1456 enuntiaverit
932 1397 1036 1476 poete,
1060 1393 1120 1457 nisi
1145 1392 1239 1461 forte,

88 1511 238 1591 corrupte
257 1509 348 1591 putus
372 1503 466 1570 verbs
486 1499 659 1591 προσέχων
679 1525 716 1567 ιε
734 1505 855 1584 ταῦτα,
877 1511 970 1592 stque
991 1510 1143 1595 egregium
1166 1507 1224 1574 sub

87 1619 156 1685 illis
199 1621 384 1686 sententium
420 1617 608 1682 delitescere.
642 1616 701 1681 Sed
737 1618 895 1686 videamus
928 1622 1062 1709 singule.
1095 1623 1149 1688 Vs.
1182 1624 1222 1689 19

87 1737 194 1822 inepte
217 1755 475 1824 supervacaneum
496 1739 543 1798 est
566 1731 714 1816 δαίμονι,
741 1729 877 1820 ἀφθίτῳ
897 1733 961 1819 βίῳ
982 1729 1138 1803 θύλλονιι
1167 1740 1225 1804 tri-

90 1854 183 1916 buere
205 1849 302 1915 θείαν
322 1845 434 1938 (pnicum
460 1869 501 1912 vs.
515 1852 575 1924 20,
601 1852 637 1910 ut
658 1853 774 1912 tuceurn
797 1847 948 1912 uocabula
968 1837 1031 1932 νόιμ
1052 1843 1081 1913 ι’
1102 1842 1224 1917 ἀκούων

90 1967 171 2030 mete
194 1963 246 2027 bic
269 1963 374 2028 inutili
400 1963 561 2028 verborum
585 1961 675 2027 turbu
697 1951 986 2051 περιφρύζεσθαι,
1015 1963 1162 2030 combula
1184 1958 1224 2032 νδ

88 2075 210 2162 λεχθὲν
239 2075 271 2143 ἐν
290 2079 424 2163 βροτοῖς
446 2079 498 2144 vix
523 2080 641 2144 Graece
663 2077 810 2143 uidentur
832 2098 888 2161 pro
909 2069 951 2140 κδ
970 2067 1126 2162 λεγόμενα
1144 2080 1224 2166 βρο.

87 2195 181 2272 τοῖος
205 2189 326 2256 taudem
345 2215 388 2257 vs.
404 2197 462 2270 21,
475 2193 528 2278 qui
542 2193 682 2258 eontinet
694 2193 853 2279 participii
872 2189 1003 2272 βλέπων
1024 2190 1224 2278 periphrasin,

90 2304 171 2368 mule
192 2305 305 2392 incipit
325 2308 364 2371 ab
395 2309 500 2374 eodeni
520 2309 718 2395 pronomine,
741 2331 757 2372 a
781 2329 842 2393 quo
862 2307 986 2370 initium
1009 2307 1098 2372 ducit
1119 2330 1223 2373 versus

89 2420 285 2506 praecedens.
309 2424 456 2502 Accedit,
481 2425 562 2510 quod
594 2424 626 2488 hi
652 2447 773 2500 uersus,
797 2444 874 2507 quos
897 2420 1022 2486 exhibui
1046 2423 1222 2490 emendatos

88 2535 159 2600 scil.
183 2558 199 2599 u
224 2537 299 2602 viris
323 2538 441 2616 doctis,
463 2539 495 2603 in
521 2539 610 2604 eodd.
633 2538 781 2626 leguntur
804 2540 835 2601 iu
860 2536 943 2602 hunc
967 2537 1110 2602 moduni:

442 2651 614 2740 προσέχων
634 2691 673 2702 -
694 2651 819 2740 φορῶν,

289 2754 349 2850 ὐφ’
367 2756 406 2829 οὗ
427 2765 491 2829 πᾶν
510 2763 568 2846 μίν
586 2757 625 2828 τύ
647 2761 764 2848 λεχθὲν
784 2754 934 2830 ἀκούεται

289 2869 327 2950 δς
347 2867 511 2963 δρώμενον
531 2875 567 2940 δὲ
587 2877 652 2940 πᾶν
672 2873 752 2941 ἰδεῖν
771 2867 951 2966 δυνήσεται.

137 2986 273 3053 Delendi
306 2989 423 3076 igitur,
456 2991 482 3053 si
519 3012 565 3053 me
598 2989 702 3066 audis,
738 3011 798 3054 unu
833 2989 936 3054 lituus.
971 2989 1098 3075 Optime
1120 2993 1220 3054 eutem

85 3104 200 3168 stetim
223 3108 294 3189 port
318 3127 360 3168 vs.
386 3105 425 3168 18
447 3107 616 3190 νεοσσοῖσι
639 3127 680 3168 νε,
706 3108 748 3168 22
773 3125 856 3190 sqq.:

334 3210 390 3282 e’du
409 3215 446 3283 δὲ
464 3220 517 3283 νῦν
539 3219 613 3305 σιγῇ
633 3241 664 3282 ιι
683 3209 844 3304 βουλεύρς
862 3209 975 3300 κακόν,

333 3326 418 3394 τοῦτ’
437 3321 508 3412 ούχί
529 3320 620 3417 λήσει
638 3323 715 3414 τούς
734 3322 838 3404 θεούς
857 3327 919 3396 καί.

140 3573 285 3640 Athenae.
308 3574 375 3649 IX,
398 3597 426 3660 p.
441 3575 506 3638 401
520 3575 554 3639 1⁴¹.
575 3565 745 3646 Διονύσιος
762 3564 810 3637 δύ
831 3563 985 3660 τύραννος
1005 3567 1036 3635 ἐν
1059 3559 1223 3636 Ἀδώνιδι·

292 3689 429 3774 νυμφῶν
447 3680 514 3754 tud
536 3677 704 3774 σπήλυγγα
723 3679 779 3774 τήν
799 3674 1002 3768 αύιύςεγον,·

293 3791 434 3886 σύαγρον
449 3791 651 3878 ἐκβόλειον
673 3789 816 3884 εὔθηρον
835 3786 964 3859 κλύειν

293 3901 319 3995 ᾧ
341 3903 446 3990 πλεῖς’
465 3902 617 3996 α’παρχσίς
637 3898 916 3996 ἀκροθινιάζομαι.

137 4025 258 4088 Locum
284 4025 550 4111 corruptissimum
575 4028 693 4088 tentare
713 4021 798 4086 lubet
821 4022 852 4086 iu
879 4020 962 4086 hunc
987 4019 1126 4085 modurn:

293 4139 428 4224 νιιμφοῖν
448 4129 514 4203 tat
535 4129 703 4224 σπήλυγγα
722 4129 779 4223 τήν
799 4123 988 4218 αύτύςεγσν,

294 4243 357 4324 αἷς
377 4241 483 4328 πλεῖς’
502 4240 654 4336 σίπιιρχδς
673 4238 960 4332 ἀκροθινιάζομαι,

295 4359 433 4446 σύαγρον
452 4361 587 4444 μολεῖν
608 4359 733 4424 ἕλειον
754 4349 896 4444 εύθιγρον
915 4349 1022 4419 κλύω.
