2944 5002
777 353 818 412 74

206 539 339 620 yepezius
360 549 444 604 reete
464 537 526 602 iam
551 535 627 602 vidit
647 535 895 626 Wesselingins,
920 537 952 601 in
975 535 1183 618 ἀναγορεύειν
1203 535 1236 601 id
1257 535 1386 602 verbum

204 658 394 726 mutandum
425 680 489 722 esse
519 677 661 721 monens.
711 653 773 721 Sed
794 655 843 721 rel
870 655 915 720 sie
937 657 1090 722 sententia
1113 657 1196 723 male
1219 655 1386 737 decurret,

204 783 387 873 priusquam
406 799 532 844 meeum
551 776 631 844 beeo
649 775 743 843 serbe
762 778 807 842 ita
826 776 939 842 leniter
959 777 1138 843 relinxeris:
1161 776 1331 860 προσέταξε
1354 778 1387 842 δὲ

203 909 267 976 τοῖς
287 899 416 974 ύπάτοις
439 900 469 964 ἐν
492 899 664 982 ἐκκλησία
684 897 838 978 διαρρήδην
860 898 1070 979 ἀναγορεύειν
1093 899 1177 964 δεῖν
1200 899 1271 972 τοὺς
1296 921 1388 980 πρεσ-

202 1022 322 1104 βευτάς
357 1019 411 1088 καὶ
445 1018 569 1091 πάντας
603 1017 787 1090 Μακεδόνας
818 1018 901 1094 ιιτὲ.,
932 1018 955 1083 i.
988 1041 1017 1084 e.
1036 1021 1264 1109 provinciam
1289 1017 1392 1084 dedit

205 1139 584 1216 senatusconsultus,
609 1145 649 1202 υό
671 1141 710 1202 iu
734 1141 887 1202 comitiis
912 1137 1051 1202 diserta
1075 1143 1237 1204 concione
1259 1139 1393 1204 denun-

206 1267 340 1328 tiarent
372 1262 502 1350 legetis
533 1267 568 1324 et
594 1260 744 1348 reliquie
779 1257 1029 1324 Macedonibus
1060 1261 1232 1350 extemplo
1262 1264 1392 1325 moeni·

205 1381 439 1459 lusitanae,
465 1377 581 1444 Italia
605 1384 704 1444 ι’ννόνυι
726 1377 847 1444 XXX
867 1378 957 1442 diem
980 1379 1197 1444 excederent.
1237 1377 1286 1447 cf.
1306 1381 1393 1446 Lisi-

204 1527 258 1570 um
280 1502 367 1569 XLII
390 1526 398 1567 :
423 1505 464 1567 48
487 1511 539 1579 et,
568 1521 662 1590 quem
686 1511 820 1588 uterque
843 1500 1002 1588 sequitur,
1027 1500 1210 1588 Polybium.
1248 1501 1393 1569 Eandem

204 1625 392 1692 sententiam
422 1623 587 1689 enuntiare
617 1621 768 1712 potuisset
799 1620 964 1687 scribendo
992 1645 1079 1688 more
1114 1623 1311 1689 Atticorum:
1343 1661 1392 1675 —

203 1744 437 1828 προαγορεύειν
464 1752 527 1816 τοῖς
558 1768 593 1808 τε
626 1743 833 1823 πρεσβευταῖς
857 1743 910 1806 καὶ
934 1747 1013 1808 πάσι
1038 1741 1217 1809 Μακεδόσιν
1241 1745 1303 1810 uri.
1349 1745 1391 1810 In

203 1869 271 1958 ipso
304 1866 443 1956 excerpti
475 1864 565 1930 initio
599 1876 728 1954 propter
761 1863 923 1952 sequentia
959 1863 1094 1931 seribere
1128 1864 1255 1930 malim:
1293 1863 1338 1931 ότι
1370 1869 1389 1943 η

204 1989 380 2067 σύγκλητος
402 1985 570 2066 αύύημερδν
595 1983 676 2072 (μὲν)
702 1985 881 2066 ἑψηφίσατο
903 1985 968 2049 xri.

251 2109 304 2174 I'r.
329 2107 362 2172 II
384 2129 429 2171 rs.
455 2109 521 2173 22:
547 2105 657 2185 ἤλπιζε
680 2141 725 2154 -
748 2105 1011 2179 άνακτύσασόαι.
1055 2105 1160 2194 Lege:
1186 2108 1391 2183 άνακτητεσ-

207 2232 266 2294 όαι.
316 2227 464 2293 Graviore
494 2237 526 2292 et
556 2225 685 2291 fortasse
713 2225 881 2291 incurabili
913 2225 1024 2290 morbo
1053 2225 1175 2292 laborat
1205 2227 1245 2293 ir.
1278 2227 1327 2294 III
1355 2230 1391 2294 in

206 2344 388 2414 hisverbis:
409 2345 507 2421 Κότυς
529 2347 543 2411 ὅ
562 2353 621 2412 τῶν
645 2351 770 2430 Θρακῶν
790 2346 943 2425 βασιλεὺς
966 2342 1000 2420 ἦν
1024 2348 1055 2412 ἐν
1074 2355 1136 2420 τοῖς
1156 2347 1300 2427 πολέμοις
1316 2351 1391 2432 άνὶηρ

206 2466 438 2549 ἓμπρακτος
470 2467 749 2551 όμφερόμενος
779 2465 831 2532 καὶ
863 2468 970 2550 γνύμη
994 2465 1154 2548 διαφόρων.
1202 2467 1395 2536 Dubitanter

207 2589 363 2656 eoniieio:
397 2567 732 2671 άνηρόμπρακτον
763 2577 976 2670 ι’μφαόνυν
1005 2589 1167 2675 τόλμαν
1199 2590 1251 2656 καὶ
1282 2593 1392 2675 γνύμη

207 2709 372 2792 διαφόρων,
407 2733 488 2800 quae
519 2711 653 2800 suspicio
683 2710 747 2774 reri
769 2709 905 2798 speeiem
929 2707 1049 2774 habere
1072 2711 1168 2799 possit
1192 2710 1392 2777 absimilem

208 2831 314 2896 locum
345 2830 417 2896 Lib.
451 2830 529 2896 XIII
559 2854 605 2896 rs.
639 2833 703 2896 70:
730 2829 884 2910 ναύαρχον
907 2825 1023 2894 εἵλοντο
1049 2831 1223 2912 Λύσανδρον
1247 2831 1395 2898 δοκοῦντα

208 2950 384 3033 στρατηγία
415 2949 567 3032 διαφέρειν
596 2951 650 3016 καὶ
678 2949 837 3027 τόλμαν
866 2947 1097 3030 ἔμπρακτον
1130 2949 1282 3033 ἔχοντα
1315 2955 1393 3033 πρδς

208 3074 317 3138 πᾶσαν
352 3071 541 3152 περίστασιν.
588 3070 635 3136 De
668 3069 770 3136 verbis
803 3069 905 3151 φύρειν
940 3081 971 3136 et
1000 3071 1122 3153 φαόνειν
1153 3067 1301 3137 conbasis'
1318 3071 1394 3141 vide

210 3213 292 3281 quae
315 3213 402 3257 more
425 3211 481 3256 suo
504 3189 711 3256 eruditissime
734 3189 873 3278 disputat
897 3187 1034 3256 Gobetus
1057 3192 1091 3256 in
1109 3191 1210 3257 Variis
1231 3193 1395 3259 lectioni-

209 3313 268 3378 bus
306 3333 337 3402 p.
377 3313 451 3376 121.
500 3310 573 3376 Non
605 3321 712 3376 temen
742 3310 877 3376 diffiteor
907 3311 1108 3401 praeplacere
1138 3311 1216 3378 mihi
1250 3313 1393 3394 Reislii,

210 3435 269 3500 riri
290 3433 324 3498 in
346 3432 455 3522 paucis
479 3431 583 3509 acuti,
607 3431 787 3518 opinionem
809 3431 1008 3512 ἐκφερόμενος
1033 3431 1206 3497 scribarum
1225 3433 1395 3500 oscitantia

210 3579 228 3622 e
247 3553 401 3620 vocabulo
420 3551 621 3642 praeoedenti
639 3573 696 3642 per
714 3551 958 3642 dittographiam
978 3565 1086 3618 ustum
1107 3575 1173 3619 esse
1193 3554 1396 3643 suspicantis.

213 3675 325 3764 Neque
357 3673 397 3740 sb
426 3673 512 3738 omni
538 3681 627 3762 parle
649 3670 729 3736 mihi
751 3673 900 3738 satisfecit
924 3673 1008 3762 quod
1032 3673 1126 3738 etiam
1152 3675 1237 3739 venit
1256 3673 1335 3739 mihi
1360 3677 1399 3742 in

213 3807 369 3862 mentem:
402 3795 477 3873 άνόρρ
508 3791 683 3873 ἔμπρακτος
713 3793 780 3858 καὶ
802 3793 994 3876 φρόνιμος
1019 3793 1071 3858 καὶ
1095 3794 1202 3876 γνύμη
1225 3793 1400 3877 διαφέρον,

213 3929 249 3982 ut
279 3917 313 3981 in
347 3914 386 3979 ir.
423 3912 499 3978 XXI
532 3911 668 4000 (xvlss)
693 3912 767 3979 libri
789 3913 1004 4004 praecedentis
1028 3913 1253 4004 Philopoemen
1277 3913 1403 3983 dicitur

211 4039 284 4132 άνηρ
308 4033 497 4118 φρονήσει
521 4032 574 4096 καὶ
595 4035 771 4118 στρατηγίρι
790 4035 929 4109 καὶτοῖς
948 4033 1065 4108 άλλαις
1085 4035 1212 4116 άρεταῖς
1231 4036 1402 4118 διαφέρων.

213 4157 275 4226 Sed
299 4155 372 4222 satis
394 4153 450 4218 diu
472 4175 528 4218 nos
550 4151 629 4219 haee
652 4153 868 4223 detinuerunt.

257 4275 442 4346 Ioculariter
471 4287 654 4365 corruptum
684 4288 731 4342 est
758 4277 797 4342 ir.
824 4277 869 4342 lv
893 4277 933 4342 ab
956 4277 1064 4342 initio:
1091 4273 1138 4342 ότι
1159 4279 1195 4344 τδ
1218 4275 1409 4359 Χάλεστρον

213 4437 257 4450 -
291 4395 493 4478 πολιορκήσας
525 4397 540 4460 i
574 4397 707 4478 Περσεὺς
741 4398 807 4464 καὶ
844 4396 1002 4472 πάντας
1030 4395 1300 4480 άποσφάξας,
1326 4402 1409 4482 περὶ

215 4519 429 4592 πεντακοσίους
457 4516 488 4582 δὲ
511 4516 737 4599 συμφυγόντων
760 4518 803 4592 εἷς
826 4541 896 4584 τινα
918 4517 1011 4584 τόπον
1034 4520 1142 4600 όχυρόν
1163 4555 1209 4568 -
1232 4518 1284 4584 sel
1308 4521 1416 4596 αἱτη·

211 4638 353 4717 σαμένυν
387 4637 583 4723 ἀσφάλειαν,
618 4634 725 4704 ἔδακεν
755 4641 859 4710 uitreis
890 4638 944 4712 την
974 4635 1112 4715 όξουσόαν
1131 4639 1329 4719 άποόεμόνοις
1359 4645 1417 4708 τὰ
