2946 5014
300 476 336 530 VI
747 469 980 518 PRAEFATIO.

301 637 432 703 maxime
466 631 637 701 studiorum
672 653 782 720 genere
820 651 889 695 vera
920 635 957 694 ut
989 623 1153 716 plurimum
1185 648 1240 694 sua
1272 649 1304 693 ae
1335 623 1363 691 vi
1394 647 1423 692 ac

302 756 416 819 virtute
452 751 592 840 prodere,
635 749 710 814 salsa
744 753 851 812 contra
886 753 920 810 ut
960 745 1013 810 diu
1052 767 1107 832 pro
1146 745 1225 810 veris
1262 743 1424 809 habeantur

301 869 396 934 nullis
438 891 571 955 unquam
615 862 849 954 argumentandi
897 862 1037 926 artificiis
1075 862 1155 926 effici
1200 885 1299 948 posse;
1339 881 1424 945 quare

300 992 406 1074 poetae
436 983 704 1069 obtemperandum
735 1003 800 1044 esse
830 979 904 1044 duxi
936 979 1090 1042 verissime
1120 979 1271 1042 monenti:
1305 965 1425 1046 ἁπλοῦς

301 1093 450 1182 iaanenu
470 1101 527 1185 τῆς
548 1089 707 1184 ἀληθείας
728 1091 803 1184 ἔφυ.
838 1095 1032 1180 speraveram
1068 1099 1167 1158 autem
1202 1095 1282 1168 fore,
1314 1098 1350 1156 ut
1370 1093 1424 1154 iam

302 1213 455 1302 principio
489 1211 561 1275 aurii
588 1211 668 1275 LXI
691 1209 743 1274 hic
771 1209 893 1274 libellus
916 1209 1071 1286 ederetur,
1105 1232 1207 1274 uerum
1238 1209 1331 1295 longe
1361 1206 1425 1270 diu·

300 1331 364 1394 tius
406 1349 496 1412 quam
535 1327 627 1390 initio
657 1325 844 1390 credideram
880 1325 1057 1412 typothetae
1080 1328 1266 1392 Graecorum
1307 1323 1426 1388 charac-

301 1451 399 1510 terum
423 1465 485 1508 non
510 1443 585 1505 satis
605 1464 718 1528 gnaros
742 1463 819 1528 opus
841 1442 985 1508 detinuit.
1010 1441 1069 1506 Vel
1094 1443 1139 1507 sic
1161 1447 1262 1507 tamen
1287 1441 1427 1528 impressa

302 1561 375 1626 lolia
394 1559 629 1647 perlustrantem
655 1557 814 1644 aliquanto
838 1559 939 1644 plures
968 1581 1015 1623 me
1037 1569 1179 1644 typorum
1204 1580 1319 1624 errores
1338 1560 1427 1622 offen-

302 1679 398 1752 dunt,
424 1697 515 1761 quam
548 1697 644 1760 aequo
668 1674 770 1738 animo
793 1673 904 1760 aliquis
928 1677 1013 1739 ferat.
1045 1675 1184 1748 Quorum
1207 1697 1340 1740 errorum
1363 1695 1429 1760 gra·

303 1793 442 1858 vissimos
463 1793 494 1854 in
521 1790 628 1855 ultima
652 1789 724 1854 libri
747 1791 860 1876 pagina
883 1791 1066 1877 significavi.
1082 1791 1120 1854 Id
1142 1813 1234 1855 unum
1249 1789 1428 1854 monendum

302 1907 376 1973 mihi
412 1912 505 1972 restat
536 1907 600 1970 ruri
629 1929 674 1970 rne
694 1905 753 1970 hoc
777 1906 957 1992 opusculum
982 1907 1201 1992 composuisse,
1223 1927 1287 1970 non
1310 1905 1429 1990 quidem

300 2025 332 2088 in
346 2045 462 2090 summa
479 2022 624 2086 librorum
649 2023 772 2107 inopia,
794 2023 845 2085 sed
866 2023 906 2086 iis
929 2029 1029 2086 tamen
1055 2021 1215 2108 praesidiis
1240 2021 1431 2090 destitutum.

300 2163 376 2224 quae
404 2137 546 2226 publicae
581 2135 786 2202 bibliothecae
809 2140 840 2202 in
870 2137 945 2202 urbe
973 2138 1149 2203 viventibus
1177 2135 1318 2202 uberiora
1341 2159 1430 2222 quam

300 2259 464 2341 suppetant
487 2252 710 2318 rusticantibus
739 2252 857 2318 soleant
889 2255 1005 2320 offerre.
1048 2251 1127 2318 Inde
1159 2251 1224 2316 lieri
1259 2275 1347 2337 posse
1370 2275 1431 2317 non

300 2394 395 2458 nego,
418 2377 454 2434 ut
476 2370 558 2433 inter
581 2389 665 2432 meas
692 2367 920 2433 emendationes
943 2369 1151 2456 reperiantur,
1179 2391 1257 2456 quae
1278 2371 1338 2434 iam
1363 2369 1434 2434 aliis

300 2493 372 2552 ante
395 2509 442 2551 me
462 2485 560 2550 iacere
584 2485 762 2571 contigerit.
785 2483 927 2556 Quorum
951 2486 1145 2549 inventorum
1170 2483 1298 2564 laudern,
1322 2486 1347 2550 si
1374 2507 1434 2570 qua

299 2608 361 2680 est,
384 2602 536 2688 integram
571 2599 734 2664 concedam
760 2601 817 2676 iis,
853 2601 906 2684 qui
938 2623 986 2664 mc
1009 2601 1124 2686 priores
1159 2623 1222 2666 eam
1258 2603 1436 2666 meruerint.

303 2719 371 2784 Hoc
383 2718 584 2794 reticuissem,
609 2717 641 2780 ni
668 2717 785 2802 ineptis
807 2717 882 2780 furti
905 2716 1035 2780 literarii
1057 2717 1328 2782 criminationibus
1352 2720 1436 2782 viros

301 2856 347 2898 me
369 2833 462 2918 longe
474 2832 628 2898 doctiores
649 2838 680 2896 et
697 2833 849 2896 acutiores
872 2853 959 2918 saepe
978 2831 1015 2896 ab
1035 2830 1104 2896 aliis
1126 2831 1321 2898 obtrectandi
1343 2856 1438 2898 cansa

299 2949 413 3034 petitos
436 2969 502 3012 esse
529 2953 560 3012 et
598 2947 775 3012 etiamnunc
798 2949 861 3034 peti
886 2946 1166 3013 animadverterem.
1191 2949 1300 3036 Longe
1320 2952 1438 3037 magia,

300 3069 334 3127 ut
357 3085 460 3128 verum
484 3063 595 3140 fatear,
627 3085 675 3128 me
698 3065 835 3148 poenitet
858 3085 961 3128 earum
984 3063 1251 3142 observationum,
1284 3089 1361 3150 quas
1384 3073 1438 3130 aut

299 3178 391 3243 salsas
425 3201 490 3244 esse
520 3184 574 3243 aut
608 3181 669 3244 veri
706 3179 924 3244 dissimiliores
948 3201 995 3244 me
1026 3179 1189 3246 docuerint
1219 3177 1255 3246 αἱ
1283 3169 1440 3266 δεύτεραι

300 3291 484 3380 φροντίδες.
507 3295 546 3359 In
568 3316 698 3379 quarum
722 3295 824 3360 locum
846 3295 1014 3360 succedant
1034 3296 1261 3360 emendationes
1284 3295 1438 3380 quaedam

299 3407 428 3472 selectae
458 3411 490 3474 io
526 3411 781 3497 Aristophanem,
819 3433 896 3496 quas
931 3412 963 3476 in
998 3412 1216 3496 praelationem
1251 3410 1440 3476 includendi

300 3523 418 3588 veniam
443 3525 496 3590 abs
520 3531 566 3603 te,
590 3529 707 3614 optime
733 3527 850 3604 lector,
875 3529 1016 3612 quamvis
1038 3549 1118 3591 novo
1142 3529 1270 3592 fortasse
1294 3526 1442 3613 exemplo

301 3637 514 3707 mihisumam.
537 3643 581 3708 Ut
603 3642 727 3710 chartae
749 3665 882 3730 parcam,
906 3663 988 3708 more
1011 3665 1076 3706 meo
1101 3643 1202 3708 verbis
1219 3649 1288 3708 utar
1311 3645 1442 3730 paucis·

299 3757 396 3822 simis.
424 3761 578 3826 Aenean.
598 3784 641 3827 νε.
672 3765 733 3826 176
760 3760 891 3824 absurda
914 3766 960 3826 est
980 3759 1162 3844 Amphithei
1186 3762 1302 3826 oratio:
1334 3751 1443 3846 μήπω

299 3883 335 3947 ye
345 3861 424 3949 πρὶν
434 3857 472 3930 da
494 3865 570 3937 ἐςῶ
590 3865 724 3956 τρέχων.
740 3868 767 3932 Ε
780 3891 858 3953 eqq.:
883 3860 1005 3952 δεῖγάρ
1019 3865 1082 3930 nt.
1094 3873 1219 3953 apparet
1231 3868 1444 3955 Aristophani

300 3977 485 4044 reddendum
499 4003 577 4044 esse:
589 3980 667 4070 πρὶν
681 3973 719 4046 ἄν
739 3983 862 4046 σωθῶ
883 3977 1012 4068 τρέχων.
1030 3982 1127 4047 Codd.
1145 3983 1202 4061 gui.
1218 3983 1299 4048 Ibid.
1311 4007 1361 4050 νε.
1379 3990 1445 4050 193

300 4096 455 4182 suspicor:
472 4097 642 4184 διατριβῆς
661 4119 723 4160 και
744 4087 943 4181 ξυλλόγων
964 4119 1019 4182 pro
1041 4097 1117 4162 τῶν
1137 4089 1376 4184 ξυμμάχωι;
1402 4123 1447 4166 vs.

301 4211 365 4276 505
399 4202 494 4294 κου’χί
523 4231 578 4296 pro
611 4200 740 4292 κοῦπω
771 4233 815 4274 νε.
836 4211 900 4275 571
922 4233 955 4273 τι
983 4201 1105 4285 ἀνύσας
1135 4233 1190 4298 pro
1223 4232 1273 4285 τις
1301 4205 1447 4290 ἀνύσας.

300 4326 339 4392 Ib
369 4349 410 4392 vs.
433 4331 497 4392 988
522 4351 538 4392 e
561 4327 666 4392 codice
689 4328 880 4406 Ravennati,
915 4349 1004 4413 quern
1024 4327 1089 4413 ipse
1107 4327 1207 4392 denuo
1226 4329 1378 4407 excussi,
1401 4333 1450 4396 sic
