2990 5012
656 517 696 582 19

158 705 227 772 Vol.
251 706 312 772 ΠΙ.
335 707 414 790 Pag.
438 704 491 772 35.
515 704 747 792 Antiphauis
771 705 1055 768 ΒΟΜΒΤΛΙΟΤ
1077 703 1118 772 ir.
1139 707 1209 773 111:

771 821 830 893 τὰς
853 823 1055 904 προσφόρους

248 933 325 1015 ὑμῖν
349 937 481 1018 τροφάς,
508 930 675 1018 σκορόδια,
700 935 813 1017 παρόν,
842 938 1001 1018 κρόμμυα,

247 1053 416 1132 κάππαριν
441 1049 459 1088 *
483 1048 501 1088 *
525 1048 543 1087 *
567 1052 709 1112 πάντα
733 1049 827 1111 ταῦτ’
853 1047 941 1114 ἐστίν
966 1046 1121 1134 δραχμῆς.

159 1161 378 1246 Suppleverim
401 1182 448 1229 vo.
472 1161 555 1228 3tio:

206 1279 391 1358 κάππαριν·
416 1276 590 1338 ἅπαντα
614 1276 719 1338 ταῦτα
742 1279 842 1356 μιᾶς
867 1275 955 1339 ἐστίν
981 1273 1137 1360 δραχμῆς.

159 1385 247 1466 Quid
275 1389 373 1468 enim,
404 1408 536 1472 quaeso,
559 1387 682 1454 facilius
704 1388 805 1472 potuit
829 1387 975 1456 excidere
998 1409 1092 1474 quam
1115 1387 1238 1455 numeri

112 1507 190 1567 nota
212 1499 243 1564 a'
266 1509 338 1586 post
360 1503 548 1570 vocabulum
572 1505 675 1566 ταῦτα
699 1501 848 1568 desinens
870 1502 904 1567 in
928 1500 1061 1569 eandem
1084 1501 1236 1568 literam?

160 1727 239 1812 Pag.
263 1729 316 1795 70.
340 1728 493 1796 Eiusdem
516 1729 754 1792 ΚΟΤΡΙΔΟΣ
775 1728 813 1794 ir.
838 1729 871 1794 11
894 1748 941 1796 vo.
966 1729 987 1794 6
1010 1749 1088 1813 sqq.:

651 1842 701 1905 A.
727 1845 764 1906 τὸ
789 1840 882 1907 δεῖνα
907 1839 938 1905 δ’
963 1843 1099 1920 euticeo,-

228 1959 351 2022 τουτί
378 1959 604 2022 κακόνωτα
628 1953 760 2020 πλοῖα
784 1957 829 2019 Γ.
856 1953 1024 2040 Κωπᾷδας
1048 1953 1203 2032 λέγεις.

95 2140 100 2148 ,
160 2075 206 2134 Β.
232 2071 351 2154 οίγρίως
376 2095 423 2148 γε.
449 2073 494 2132 Γ.
520 2073 610 2154 παρὰ
634 2067 754 2153 λίμνην
779 2071 929 2154 γεωργῶν
954 2074 1118 2156 τυγχάνω.

160 2182 243 2250 Cum
260 2183 425 2252 Meinekio
447 2183 547 2250 fateor
569 2203 620 2249 me
642 2204 706 2249 non
729 2183 907 2268 intelligere
926 2183 1064 2250 Dobreei
1082 2174 1238 2249 coniectu-

112 2317 184 2363 ram
208 2301 253 2362 B.
278 2297 311 2360 τί
335 2299 371 2360 τὸ
396 2298 513 2375 noxia·
536 2299 585 2362 A.
610 2284 637 2381 ᾦ
659 2299 700 2360 τὰ
723 2295 839 2374 γελοῖος
864 2297 1012 2382 Suspicor
1033 2301 1140 2362 autem
1161 2294 1240 2360 heco

112 2411 160 2476 ita
190 2409 375 2496 corrigenda
405 2417 438 2477 et
467 2410 742 2478 interlocutoribus
772 2409 991 2477 distribuenda
1020 2429 1107 2493 esse,
1133 2415 1174 2488 ‚ut
1196 2408 1239 2473 le-

113 2543 244 2606 gamus:

651 2637 699 2703 A.
725 2639 761 2700 τὸ
786 2635 880 2701 δεῖνα
905 2635 935 2699 δ’
961 2635 1096 2710 {otiien-,⁸

114 2753 162 2815 Γ.
186 2751 229 2814 τὸ
253 2751 315 2828 τίς
336 2750 385 2816 A.
406 2754 642 2816 κακόνωτα.
665 2752 709 2817 Γ.
730 2756 855 2828 πρῒα,·
875 2749 923 2814 Α.
944 2745 1240 2833 Κωπᾷδαςλίγω.

116 2867 164 2930 Γ.
187 2863 306 2948 ἀγρίως
330 2890 377 2941 γι.
408 2866 451 2929 A.
477 2867 566 2950 παρὰ
592 2862 712 2948 λίμνην
737 2869 888 2948 γεωργῶν
912 2869 1075 2949 τυγχάνω.

163 2977 234 3056 Quo
264 2978 346 3046 fecto
374 2979 473 3046 oratio
496 2978 595 3046 exibit
618 2977 729 3044 similis
752 2977 964 3064 superioribus
987 2998 1034 3044 vs.
1058 2977 1090 3044 4.
1114 2977 1241 3058 θύννης

114 3095 159 3160 τὰ
181 3095 259 3176 πρὸς
280 3099 338 3173 γῆς
359 3091 463 3180 (Oob.;
482 3093 578 3176 vulgo
598 3095 676 3174 πρὸς
698 3091 752 3180 τῇ)
775 3095 819 3154 B.
843 3095 957 3170 ποῖα,
973 3091 1021 3153 A.
1036 3092 1077 3154 τὰ
1090 3093 1240 3152 κάτωθεν

114 3204 162 3268 λε’
172 3231 235 3283 γω.
268 3205 333 3272 Sed
356 3207 483 3272 omnino
508 3205 581 3274 vide
604 3203 760 3272 Cobetum
782 3204 823 3272 de
849 3204 910 3272 hoo
935 3205 1005 3271 loco
1027 3202 1240 3290 disputantem

113 3319 150 3383 in
174 3319 392 3404 Mnemosyne.
754 3337 761 3348 ·

164 3430 354 3516 Corruptum
385 3437 490 3498 tamen
519 3437 625 3497 manet
654 3435 837 3508 κακόνωτα,
863 3430 896 3495 in
919 3450 981 3514 quo
1003 3429 1111 3495 nescio
1133 3449 1174 3494 an
1197 3429 1240 3493 la·
1299 3412 1300 3415 ¹

34 3535 38 3542 ⁵
115 3551 186 3612 tear
210 3549 396 3626 ιινφὸνωια.

163 3770 242 3856 Pag.
277 3771 351 3838 106.
386 3771 538 3837 Eiusdem
572 3771 821 3834 ΠΟΙΗΣΕΩΣ
854 3769 1066 3852 fragmentum
1097 3767 1241 3850 unicum,

114 3906 182 3971 quo
204 3891 322 3970 quanto
345 3885 386 3952 sit
409 3885 599 3952 comicorum
622 3905 716 3968 qnam
738 3883 928 3967 tragicorum
951 3902 1002 3948 ars
1022 3881 1177 3948 difficilior
1199 3881 1243 3944 le-

113 3998 282 4086 pidissime
312 3999 421 4084 docet,
453 3999 566 4066 lacuna
596 3999 733 4082 laborat,
765 4017 860 4082 quam
891 3997 1037 4082 supplere
1067 3993 1173 4062 nescio
1202 4013 1244 4058 en

115 4111 198 4179 mihi
221 4112 397 4197 contigerit.

163 4225 218 4292 Va.
243 4225 263 4289 8
287 4246 366 4309 unqe
