2998 4998
195 531 213 570 ρ.
224 519 273 560 §.l
287 535 306 575 p.
325 535 342 562 ε.
357 521 379 561 V.
412 534 438 560 ει.

218 647 261 708 33
286 646 350 708 247
401 647 443 708 28

218 767 260 828 34
284 766 351 830 248
422 767 442 828 8

230 907 251 946 κ
310 907 331 946 >›
403 887 444 948 10

230 1028 250 1067 »
309 1029 331 1068 »
402 1008 442 1069 16

229 1148 250 1188 κ
310 1148 331 1188 »
401 1129 441 1190 27

219 1248 261 1310 36
287 1247 352 1310 253
402 1249 442 1310 19

218 1369 261 1432 38
286 1369 351 1431 279
400 1368 443 1432 14

219 1491 262 1552 39
311 1510 331 1550 »
402 1490 443 1551 27

220 1611 262 1670 42
287 1611 351 1674 265
424 1612 443 1672 5

232 1751 253 1790 »
313 1751 333 1790 »
407 1732 448 1792 16

223 1850 264 1912 43
313 1871 333 1910 ιν
404 1850 444 1914 21

231 1989 252 2030 υ
312 1991 333 2030 κ
403 1970 445 2032 23

232 2111 253 2152 ν)
312 2113 333 2150 ο)
404 2092 446 2154 26

223 2212 264 2274 44
289 2211 354 2275 266
405 2213 445 2276 13

232 2351 253 2392 >>
313 2353 334 2392 »
404 2333 447 2396 23

234 2473 255 2512 »
316 2473 337 2512 κ
408 2453 451 2516 24

223 2573 263 2634 45
313 2594 333 2633 υ
404 2573 446 2636 28

235 2835 256 2874 κ
292 2813 353 2874 271
427 2815 447 2876 2

224 2934 266 2996 46
316 2955 337 2993 »
409 2933 450 2998 16

224 3057 264 3118 47
314 3076 336 3116 κ
406 3057 448 3118 27

221 3177 264 3239 48
289 3177 354 3240 272
395 3176 446 3240 -18

224 3299 266 3362 49
314 3318 336 3360 υ
406 3298 449 3362 28

236 3439 258 3478 »
296 3419 359 3481 167
431 3420 450 3482 4

236 3561 257 3601 κ
317 3561 337 3601 »
430 3539 450 3602 8

237 3681 258 3721 υ
317 3681 338 3719 »
410 3663 449 3723 15

226 3903 269 3964 50
315 3922 336 3963 υ
410 3902 449 3964 16

237 4043 259 4084 >>
318 4043 340 4084 ιν
409 4023 450 4084 27

238 4166 259 4206 κ
319 4163 340 4204 >>
410 4143 452 4206 29

239 4287 260 4325 >›
297 4263 362 4327 168
433 4265 451 4325 5

230 4505 268 4568 61
320 4524 341 4564 >›
414 4506 453 4568 15

608 517 660 558 laet.
674 532 710 559 εσυ.
725 517 769 558 uui.

513 640 706 708 είιίόεισαν

510 756 555 827 ότι
579 759 813 842 Ἀριστογείτων

513 882 567 958 τήν
593 883 758 963 ἐπιβουλήν
782 880 801 959 ή
808 905 824 946 ν

511 1004 605 1086 φίλου
628 1000 732 1076 οὕτως

513 1121 593 1205 ἔχων

512 1245 721 1326 βλασφημεῖν

512 1367 562 1449 οίφ
572 1390 589 1440 κ
601 1365 742 1440 ίήσεοόαι

514 1486 703 1557 καταδίκας

513 1607 586 1687 τρδς
610 1611 667 1670 τῶν
690 1601 766 1671 όλιον

518 1726 728 1807 δαρυκτήτου

517 1855 780 1930 τολυτραγμονής

516 1967 597 2047 ὑπὲρ
621 1968 749 2047 δισσήν
772 1965 850 2057 νόν

517 2088 706 2170 δορίκτητον

515 2207 565 2276 ε’τὶ
590 2209 727 2276 δείπνου

515 2329 589 2396 διότι
613 2331 652 2396 τδ
675 2328 732 2408 μέν

521 2449 683 2530 ἠγνόηκεν

514 2569 642 2652 τεριόείς
666 2571 767 2650 αὐτῷ

517 2814 571 2878 οὐκ
594 2809 752 2894 ἐφίξεται

520 2935 570 2998 νῦν
593 2931 733 3010 μένοντος

518 3055 672 3130 οίνήκοντα
690 3052 794 3136 χώραν

515 3173 686 3258 Φόλαγγα
709 3177 887 3256 μαχοῦντες

519 3291 563 3360 ότι
589 3295 648 3360 τοῖιν

520 3413 809 3494 οίτολετεσμοίτιον

519 3534 635 3610 ταύτης
660 3535 844 3616 ναυμαχίας

1054 513 1106 554 [εει.
1119 528 1167 568 νυνι
1180 513 1224 556 uh.
1238 514 1281 554 od.

967 636 1150 703 είιίίασιν

964 754 1009 826 ότι
1033 758 1048 822 ό
1072 757 1305 838 Ἀριστογείτων

967 879 1022 955 τήν
1045 877 1212 958 ἐπιβουλήν
1235 878 1306 954 τήν

971 1001 1065 1084 Φόλου
1089 999 1194 1072 ὄντος

969 1119 1049 1202 ἔχων
1070 1119 1077 1208 Ι

969 1242 1107 1325 βλασφκ
1129 1239 1134 1329 l
1155 1249 1226 1319 μεῖν

970 1363 1181 1444 ἀφεθήσεσθαι

971 1482 1158 1556 καταδίκης

971 1604 1044 1685 πρὸς
1067 1604 1137 1678 τήν
1161 1599 1218 1668 τόν
1242 1599 1319 1668 ίλιον

972 1725 1164 1805 δορικτήτου
1262 1737 1276 1774 ⁶

960 1871 965 1882 ·
978 1853 1224 1926 πολυπραγμονοῖ
1233 1869 1253 1909 ο
1261 1869 1300 1910 αι

978 1965 1187 2046 ὑτερβολήν
1210 1963 1273 2045 γοίρ

975 2087 1158 2168 δορίκτητον

975 2207 1024 2274 ἐπὶ
1049 2210 1135 2275 δεῖτν
1146 2231 1184 2274 ον

936 2393 944 2410 ,
971 2329 1046 2396 διότι
1070 2331 1122 2395 τα
1144 2330 1202 2409 μέν

981 2448 1140 2528 ήγνόκσεν

970 2570 1099 2650 τεριίείς
1118 2571 1221 2637 αὐτὸν
1239 2570 1288 2660 (L.
1302 2571 1388 2651 αὐτῷ

1022 2691 1071 2777 τὸ)

977 2813 1031 2878 οὐκ
1054 2809 1217 2894 νίφίξεται

979 2936 1029 2997 νῦν
1053 2930 1111 3010 μὲν
1134 2928 1216 3004 όντος

973 3053 1126 3130 ἀνήκοντα
1154 3052 1256 3120 κατὰ
1283 3053 1389 3136 χόριον

973 3175 1313 3256 Φαλαγγομαχοῦντες

980 3289 1024 3360 ότι
1048 3295 1062 3359 ό
1085 3295 1144 3358 τῶν

975 3410 1278 3492 οἱτοτελεομοίτιον

973 3533 1092 3609 ταύτης
1113 3541 1184 3612 τῆς
1205 3535 1390 3618 ναυμαχίας

524 3656 707 3736 γενομένου,
733 3656 910 3736 τνειίματος
981 3656 1167 3736 γενομένου,
1222 3661 1292 3723 τοῦ
1347 3679 1389 3722 τε

518 3898 562 3966 τοδ
583 3895 709 3980 σκοίφν

520 4018 652 4086 εὔνοιαν
675 4017 854 4099 λαμβάνειν

520 4139 658 4214 δουλίας

1024 3778 1201 3856 πνεύματος

976 3900 1019 3964 τοδ
1042 3897 1238 3981 σκαφίδια

981 4017 1099 4085 ἔννοιαν
1124 4015 1303 4098 λαμβάνειν

979 4139 1138 4211 δουλείας

521 4259 556 4325 τδ
579 4268 635 4336 τῆς
656 4259 801 4342 τατριδος
826 4261 856 4326 ἐν
879 4265 942 4333 τοῖς
977 4261 1013 4326 τὸ
1046 4267 1102 4336 τής
1135 4258 1281 4342 τατρίδος
1305 4257 1393 4334 ἔίος

523 4499 569 4569 ότι
593 4502 768 4578 Ξανόίττκς

1027 4382 1068 4446 ἐν
1091 4388 1155 4454 τοῖς

979 4499 1025 4567 ίτι
1039 4500 1053 4566 ὁ
1067 4500 1243 4579 Ξανόίττκς
1267 4501 1303 4590 (l.
1318 4499 1394 4572 Ξοίν·

1025 4622 1160 4712 όιττος.)
