2990 5012
686 435 727 500 27

141 625 229 695 venit
252 626 285 694 in
308 636 467 707 mentem,
493 627 605 695 videor
621 625 700 693 milri
723 624 826 713 ipsam
846 623 1011 714 Hermippi
1028 645 1161 693 manum
1177 621 1272 692 resli-

144 755 235 811 tuere
260 765 365 834 posse.
448 809 450 812 ,

192 864 346 928 »Ὀτάνεα
375 860 427 928 δί’
455 857 566 924 scribit
591 857 766 924 historiens
791 857 882 924 libro'
905 857 931 920 ll
954 879 982 924 ο.
1008 857 1061 924 25.
1089 859 1272 936 »ἀποδέξας

144 982 326 1062 στρατηγὸν
349 972 515 1043 εἶναιτῶν
533 975 813 1058 παραθαλασσίων
835 965 978 1058 ἀνδρῶν,
998 983 1053 1040 τοῦ
1075 977 1131 1039 τὸν
1146 975 1273 1054 πατέρα

145 1100 316 1177 Σισάμνην
346 1090 497 1177 βασιλεύς
521 1095 697 1176 Καμβύσης
727 1095 899 1172 γευόμενον
929 1097 992 1155 τῶν
1019 1088 1197 1174 βασιληίων
1226 1087 1272 1151 δι·

145 1210 302 1284 καστίων,
327 1210 377 1274 ὅτι
400 1211 454 1272 ἐπί
476 1217 609 1292 χρήμασι
628 1205 723 1291 δίκην
740 1205 858 1271 ἄδικον
882 1205 1020 1270 ἐδίκασε.
1048 1205 1171 1286 σφάξας
1194 1203 1273 1267 οίπί-

145 1327 228 1409 δειρε
249 1331 357 1390 πᾶσαν
382 1329 439 1402 τὴν
467 1323 674 1406 οίνθρωπίην,
702 1321 916 1397 σπαδίξας
941 1321 975 1386 δι’
997 1323 1096 1386 αὐτοῦ
1119 1323 1154 1383 τὸ
1173 1318 1274 1401 δέρμα

145 1443 281 1523 ἱμάντας
305 1441 339 1517 ἐξ
361 1439 458 1504 αὐτοῦ
481 1439 576 1520 ἕσαμε
597 1442 651 1502 καί
672 1440 812 1502 ἐνέτεινε
837 1440 893 1502 τὸν
924 1441 1042 1518 θρόνον
1060 1437 1095 1509 ’ἐς
1120 1437 1176 1500 τὸν
1195 1434 1274 1509 ἵζων

145 1554 272 1631 ἐδίκαζε
294 1553 381 1620 κτὲ.”

188 1667 235 1734 Ad
264 1670 424 1746 σπαδίξας
447 1666 565 1754 legilur
581 1667 642 1733 hoc
667 1665 849 1734 scholium:
874 1668 1083 1745 σπαδίξας·
1106 1665 1274 1748 ε’κδείρας·ι

145 1781 299 1860 σπάδιξ
323 1787 383 1866 γὰρ
409 1782 520 1865 φλοιὸς
545 1785 635 1868 ῥίζης
657 1787 819 1868 πρινίνης·
845 1786 876 1848 ol
903 1781 937 1846 δὲ
967 1785 1113 1862 φοίνικος
1139 1781 1272 1865 ῥάβδον.

191 1893 284 1961 Unde
308 1894 407 1961 facilis
435 1894 618 1962 eonieelura
644 1907 693 1962 esl
719 1893 932 1983 Hermippum
953 1892 1138 1981 scripsisse:

236 2012 308 2078 ἀλλ’
329 2015 365 2078 ου
387 2014 500 2098 δέομαι
523 2014 762 2082 σπαδικτὸν
789 2017 870 2101 ἒχων
891 2017 948 2080 τὸν
971 2017 1118 2096 πρωκτὸν
1143 2036 1275 2097 προσκε-

1072 2125 1225 2208 φαλαίου.

175 2236 289 2324 ¹Quasi
313 2238 375 2306 hoc
397 2237 498 2307 dical:
525 2241 635 2318 Ἀλλ’,
657 2243 792 2328 ώνὸητε,
813 2246 845 2308 τί
862 2244 928 2326 δῆτ’
944 2251 987 2311 ἂν
1007 2246 1076 2326 ἐμοί
1093 2241 1205 2323 ὄφελος
1224 2241 1272 2324 είη

151 2357 413 2438 προσκεφαλαίου
444 2359 556 2436 δεινῶς
581 2385 614 2424 τε
633 2359 786 2440 οίλγοῦντι
809 2365 862 2426 καί
887 2363 1063 2447 μονονουχὶ
1089 2354 1273 2440 δεδαρμένην

149 2477 207 2540 τὸν
233 2477 336 2556 ὄρρον.

171 2584 282 2664 'Quae
308 2583 450 2674 suspicio
482 2585 509 2652 si
538 2606 611 2654 vera
635 2597 701 2665 est,
735 2587 812 2655 lalsa
844 2587 885 2654 sil
916 2605 1051 2654 neeesse
1083 2593 1132 2651 est
1164 2581 1273 2671 opinio

149 2719 279 2778 eorum,
306 2699 361 2788 qui
378 2703 496 2780 σπάδιξ
514 2723 530 2768 a
549 2701 646 2769 verba
663 2713 748 2772 σπᾶι
774 2701 984 2769 derivandum
1014 2721 1086 2767 esse
1110 2708 1272 2765 censeant.

149 2812 273 2902 Ouippe
319 2819 499 2885 σπαδικτόι
539 2816 675 2905 primam
717 2816 870 2906 syllabam
914 2815 1094 2904 producere
1134 2825 1274 2881 metrum

149 2930 291 2997 eviceril.
316 2929 360 2998 Cl.
384 2930 513 2999 Passow
537 2932 598 2998 lex.
623 2931 672 3000 ed.
698 2931 722 2996 V
747 2953 771 2998 s.
796 2951 874 3000 voce
897 2935 1024 3010 σπάδιξ.

194 3043 337 3112 Edronis
362 3045 518 3126 fabulam,
545 3067 628 3134 quae
652 3053 845 3134 Νουμηνίαι
873 3045 1071 3123 inscribitur,
1098 3044 1209 3113 docuit
1225 3064 1274 3111 ar·

149 3158 266 3226 ohonle
291 3159 493 3250 Euthydemo
518 3161 669 3240 Lenaeis,
689 3173 724 3228 ul
740 3160 859 3228 diserte
882 3170 1019 3229 testatur
1043 3171 1156 3228 auctor
1179 3181 1274 3247 argu-

149 3273 249 3340 menti
274 3275 546 3344 Archarnensium
573 3277 617 3344 sie
635 3277 798 3344 scribens:
817 3280 976 3365 ἐδιδάχθη
1001 3279 1050 3346 ἐπ’
1075 3278 1275 3360 Εοθυδημσιι

150 3397 184 3458 ἐν
209 3396 369 3478 Ληναίοις
387 3395 441 3460 διὰ
458 3393 706 3478 Καλλιστράτου
725 3397 778 3460 καί
800 3405 924 3476 πρῶτος
950 3392 989 3476 ην
1006 3389 1273 3478 ίδΓίελορΙὶᾶΠοε),

150 3509 294 3590 δεύτερος
315 3516 478 3591 Κρατῖνος
495 3509 765 3591 Χειμαζομίνοις·
783 3509 819 3574 οὐ
840 3511 991 3586 σώζεται,
1005 3512 1112 3590 τρίτος
1129 3508 1275 3582 Εὔπολις

153 3625 371 3706 Νσομηιίαις.
420 3620 487 3687 Etsi
521 3621 641 3688 multae
673 3621 748 3688 olim
782 3620 915 3688 Athenis
948 3620 1136 3689 comoediae
1161 3621 1273 3687 eodem

150 3733 281 3801 nomine
298 3734 411 3802 doolae
429 3747 520 3815 sunl,
539 3756 634 3803 nomo
652 3757 794 3823 umpram
811 3747 940 3824 praeter
957 3757 1058 3803 unum
1083 3735 1273 3824 Eupolidem

150 3847 261 3916 docuit
283 3849 477 3930 Numenium
502 3872 609 3940 neque
634 3852 751 3918 mirum
777 3851 808 3918 id
844 3850 995 3939 cuiquam
1026 3851 1087 3918 eril
1113 3849 1274 3939 repulanli

149 3985 219 4030 eam
255 3963 394 4030 fabulam
425 3986 489 4032 non
513 3965 574 4032 nisi
608 3966 740 4033 lerlium
775 3965 955 4054 praemium
981 3966 1104 4033 tulisse.
1155 3965 1198 4030 Fur
1223 3964 1274 4030 his

149 4076 248 4165 igilur
271 4077 437 4146 Numeniis
462 4089 572 4147 eonlra
597 4082 761 4166 vulgarem
786 4079 971 4169 opinionem
998 4103 1098 4148 unum
1116 4081 1276 4166 fragmen-

150 4204 218 4258 lun]
244 4192 283 4274 ab
307 4191 439 4259 interitu
468 4205 628 4260 servolum
660 4215 732 4262 esse
757 4195 915 4283 suspicor,
941 4197 1028 4283 quod
1065 4194 1160 4263 hodie
1196 4195 1274 4260 lalso

151 4305 250 4372 lribui
274 4308 352 4373 milri
377 4308 504 4376 viderur
526 4311 808 4388 dnnxunnmnun,
836 4311 961 4378 mediae
983 4333 1066 4400 quae
1083 4311 1201 4378 dieilur
1222 4331 1275 4376 ro-

151 4421 298 4488 moadiae
330 4435 453 4512 poetae.
502 4424 633 4510 Legitur
657 4425 684 4492 is
705 4427 795 4492 locus
820 4425 906 4513 apud
932 4425 1081 4492 loannem
1106 4425 1275 4491 Damasce-

151 4559 230 4605 num
251 4561 280 4628 p.
309 4541 399 4608 39&
427 4542 756 4626 Ἀναξανδρίδου·
780 4549 850 4628 οὐχί
875 4549 964 4629 παρὰ
989 4545 1121 4620 πολλοῖς
1146 4554 1162 4628 η’
1183 4553 1272 4629 χάρις
