2944 5002
653 333 692 392 27

85 515 127 580 καί
157 517 188 580 ού
221 517 419 600 τολυπλιιθίιρ
450 521 558 598 χειρῶν
580 515 799 596 περιγίνεσθαι.
848 515 945 595 Scin,
972 539 1034 606 quo
1057 517 1137 584 lrnec
1160 520 1258 608 perti-

85 637 194 702 neant?
239 637 326 727 Lege
359 636 440 704 mihi
473 637 586 728 fragm.
626 636 701 717 Xlr,
737 638 770 704 in
813 661 876 728 quo
916 651 1062 704 narratur
1097 639 1258 718 Phalaris,

86 779 173 845 quum
199 781 353 848 magnum
387 757 608 824 columbarum
643 780 757 848 agmen
792 782 893 826 unum
926 761 1108 851 accipitrem
1136 761 1259 850 fugiens

86 877 207 958 rideret,
239 881 447 946 exclamasse:
480 883 572 962 θροῖτε
606 875 627 944 ὦ
663 877 770 960 ἄνδρες
805 886 928 948 τοσοῦτο
962 884 1076 958 πλῆθος
1109 882 1165 965 ὑφ’
1197 882 1259 954 ἑνὸς

87 998 245 1077 διυιιίμενον
278 1001 330 1066 δια
354 1001 487 1076 δειλίαν;
517 1002 604 1076 κτὲ.,
637 1011 668 1067 et
700 1003 814 1068 senties
837 1025 895 1080 ea,
920 1025 1002 1091 quoe
1025 1001 1121 1068 hodie
1145 1002 1259 1092 legun-

87 1131 129 1182 tur
154 1133 221 1209 post
252 1121 365 1211 fragm.
399 1120 590 1200 xxxvllt,
627 1120 666 1186 ad
697 1121 810 1211 fragm.
837 1122 894 1188 XL
916 1124 1085 1212 pertinere.
1107 1185 1110 1196 ,
1135 1123 1259 1212 Inspice

87 1239 152 1305 nihi
186 1263 273 1308 nunc
315 1241 390 1308 Maii
425 1241 661 1320 collectionem,
705 1255 738 1310 et
772 1243 928 1332 intelliges
962 1243 1038 1309 olim
1071 1267 1108 1308 ea
1141 1243 1256 1322 rerba,

87 1383 171 1449 quum
206 1361 338 1428 sortasse
379 1375 509 1453 propter
543 1363 678 1430 similem
709 1365 814 1430 ultimi
847 1363 992 1430 vocabuli
1022 1363 1156 1430 formam
1188 1377 1260 1454 post

87 1481 270 1562 περιγένοιντο
306 1484 511 1564 excidissent,
545 1509 563 1549 a
599 1485 702 1552 scribe
732 1509 871 1552 errorem
893 1508 984 1550 suum
1010 1485 1200 1574 corrigenti,
1225 1497 1261 1552 ut

87 1602 132 1680 fit,
158 1604 190 1668 in
212 1605 356 1694 margine
379 1604 535 1695 adscripta
557 1606 672 1687 luisse,
697 1621 728 1673 et
751 1631 823 1674 mox
853 1608 887 1672 in
911 1605 1091 1698 apographo
1114 1629 1179 1672 non
1203 1628 1259 1672 suo

86 1722 143 1788 loeo
173 1748 238 1792 esse
276 1738 415 1816 recepta.
471 1726 657 1816 Legendum
691 1728 788 1818 igitur
818 1729 851 1794 in
880 1729 919 1794 fr.
951 1727 1024 1794 XL:
1059 1725 1125 1792 ἐπεὶ
1153 1725 1259 1809 ρ’ριδίυς

86 1843 116 1910 ἂν
143 1846 355 1928 περιγένοιντο·
386 1847 480 1922 αὐτὸς
507 1847 595 1933 (lort.
621 1849 741 1934 ταῦτα)
771 1848 801 1913 δὲ
826 1847 1055 1928 πεπλασμένως
1079 1845 1183 1925 ἔλεγε·
1205 1847 1261 1922 τθιν

85 1965 220 2048 μὲνγὰρ
252 1967 336 2042 νίκην
369 1969 462 2050 ύρετρῖ
498 1968 551 2034 καὶ
581 1971 615 2034 ού
645 1968 843 2053 πολυπληθίρι
874 1973 982 2050 χειροῖν
1014 1967 1258 2050 περιγίγνεσθαι·

87 2099 113 2150 et
137 2089 179 2153 sic
203 2089 321 2177 optirne
344 2087 521 2178 intelliges,
548 2087 706 2178 quomodo
731 2088 872 2154 Phalaris
895 2088 928 2153 ἐκ
953 2087 1060 2154 τούτου
1083 2093 1137 2153 τοῦ
1165 2086 1261 2167 λόγου

86 2207 129 2280 tlt
166 2208 350 2275 δυναστείαν
392 2210 570 2288 ἀποβαλεῖν
613 2211 763 2299 potuerit.
824 2209 977 2275 lllullerus
1012 2209 1095 2274 male
1130 2209 1261 2275 retinuit

86 2327 268 2406 θτεβιίλετο
293 2351 351 2418 pro
372 2329 524 2417 νίπθβαλε
548 2330 602 2404 τὴν
627 2330 829 2408 δυναστείαν,
857 2342 893 2395 ut
917 2353 988 2396 rere
1013 2331 1140 2420 corrigit
1165 2330 1202 2395 B.

121 2447 295 2516 lhsnrdam
318 2461 428 2516 contre
440 2452 628 2540 scripturam
642 2452 777 2518 retinere
789 2451 902 2516 moluit
915 2451 1076 2516 Bellerus
1090 2451 1141 2540 (fr.
1156 2451 1258 2540 XLII)

84 2568 270 2639 inraticinio
295 2573 477 2654 notissimo,
503 2569 588 2661 quod
613 2569 728 2638 Croeso
752 2572 862 2637 datum
885 2584 951 2650 est,
978 2595 1074 2660 quam
1090 2573 1181 2661 sequi
1193 2595 1262 2640 me·

83 2689 162 2756 liores
198 2691 349 2760 Herodoti
378 2693 501 2760 codices
513 2744 523 2776 ,
555 2693 639 2785 apud
671 2691 775 2784 quern]
805 2693 976 2758 rectissime
1007 2691 1122 2781 legitur
1144 2716 1189 2759 rs.
1217 2698 1258 2758 2:

83 2809 118 2885 δίς
148 2813 219 2880 τθτε
241 2813 326 2880 Λυδὲ
348 2815 485 2897 ποδαβρὲ
510 2818 593 2894 κτὲ.,
618 2829 650 2882 et
674 2839 774 2905 neque
796 2815 930 2892 σίνιιίτως
955 2836 1021 2879 rem
1045 2813 1138 2902 gessit
1161 2814 1195 2880 in
1218 2815 1260 2882 lr.

85 2931 210 3000 XLVII:
232 2936 276 3012 μίν
296 2934 410 3014 βούλου
431 2936 617 3002 πολύευκτον
636 2936 701 3002 ider
721 2937 806 3002 sord
827 2936 945 3014 δείματ’
958 2934 1093 3012 eutero,
1112 2935 1262 3002 ubibene

84 3077 124 3143 ap.
148 3055 266 3122 Herod.
292 3056 408 3146 legitur
431 3057 619 3124 πολύευκτον
642 3059 651 3124 ί
662 3059 714 3134 νίν.
750 3059 914 3124 Praeterea
927 3057 997 3122 loco
1010 3067 1116 3122 nostro
1131 3055 1184 3144 (fr.
1201 3059 1257 3144 42)

83 3175 140 3264 lege
162 3189 321 3268 expuncto
340 3179 540 3268 pronomine:
566 3177 618 3244 τὸν
646 3177 677 3242 δὲ
705 3176 829 3260 πύτερα
862 3177 983 3264 [αὐτοῦ]
1007 3177 1134 3257 Πέρσην.
1175 3177 1263 3263 Quae

85 3296 222 3387 leguntur
247 3299 282 3363 in
311 3299 350 3362 fr.
383 3297 535 3366 XLVlll:
562 3307 633 3372 ταῖς
657 3299 855 3380 ἀνθρωπίναις
878 3295 1059 3379 εὐπραξίαις
1083 3299 1112 3362 ἒν
1135 3305 1261 3382 μικρᾷ

84 3422 145 3501 lori
179 3418 331 3500 μεγοίλας
366 3420 553 3499 μεταβολὰς
583 3420 844 3500 λαμβανούσαις,
868 3417 1014 3509 prodesse
1038 3429 1168 3506 possunt
1191 3417 1261 3483 loco

85 3537 297 3630 Thucydideo,
331 3541 386 3630 qni
417 3539 511 3606 hodie
543 3553 709 3630 corruptus
743 3540 860 3630 legitur
882 3541 916 3604 in
940 3539 1021 3604 libro
1046 3537 1074 3600 V
1100 3562 1107 3602 :
1134 3541 1218 3603 103:
1246 3533 1261 3602 d

84 3661 158 3740 ὑμεῖς
188 3663 326 3734 ἀσθενεῖς
357 3685 393 3726 τε
428 3660 480 3726 καί
505 3661 556 3726 ἐπὶ
580 3665 672 3744 ρὀπιῖς
695 3664 799 3740 μιῖις
823 3659 906 3734 ὄντες
926 3660 971 3738 μὴ
994 3657 1162 3737 βούλεσθε,
1186 3681 1262 3724 num

82 3782 138 3848 sine
160 3782 259 3850 dubio
283 3794 392 3848 auctor
415 3780 564 3847 dederat:
592 3781 643 3848 ε’πί
666 3786 758 3864 ρὀπῆς
782 3783 958 3862 σμικροῖς
983 3776 1066 3851 dores
1079 3778 1116 3868 ¹).

120 3903 157 3968 ln
179 3905 218 3969 ir.
247 3903 350 3970 XLIX
375 3901 486 3968 rerba:
502 3903 645 3986 Κροίσου
663 3905 726 3984 γὰρ
747 3903 817 3969 ίδιον
838 3903 937 3969 ούκθτι
958 3901 1038 3968 οὐδὲν
1059 3900 1196 3984 ύπιίρχει
1217 3903 1262 3968 sio

24 4051 25 4062 ι
81 4025 236 4092 :nubenda
260 4025 425 4090 ridentur:
452 4023 579 4108 Κροίσῳ
602 4025 665 4107 γθιρ
690 4027 755 4090 κτὲ.

119 4147 318 4226 Pronomen,
360 4145 444 4235 quod
476 4147 655 4236 saepissime
686 4146 840 4213 lectorum
865 4145 1031 4212 sedulitate
1052 4145 1135 4212 male
1159 4144 1261 4209 aliun·

81 4265 147 4335 dare
166 4266 464 4346 animadvertimus,
486 4266 634 4334 excidisse
652 4266 771 4334 ridebis
794 4269 826 4333 in
839 4268 953 4357 fragm.
980 4267 1044 4346 LI,
1067 4267 1123 4332 nbi
1135 4264 1257 4354 supple:

25 4365 28 4514 l
79 4453 215 4474 ...,..

112 4571 142 4640 1)
178 4565 220 4620 Sic
250 4583 355 4640 quoquo
384 4563 558 4639 rescripserim
584 4565 611 4619 irr
641 4563 686 4621 lib.
715 4569 762 4622 XX
780 4585 787 4618 ι
808 4570 858 4621 34:
888 4567 1074 4642 Ἀγαθοκλῆς
1107 4563 1184 4640 ὁρῶν
1215 4563 1264 4634 τήν

81 4665 219 4735 σωτηρίαι
238 4659 287 4719 inl
305 4661 395 4736 ῥοπῆς
416 4663 549 4736 (μικρᾶς)
570 4660 703 4735 κειμένην
721 4659 910 4739 :ssd-,inserto
930 4661 1058 4717 odientivo
1078 4661 1225 4718 necessario.

1018 4765 1056 4818 Ι.
