2968 5014
830 403 871 461 58

321 563 450 630 'Polluc
486 569 545 632 On.
581 567 649 647 IX,
683 571 723 634 75
757 560 840 654 τάχα
862 562 892 636 δ’
919 562 957 634 tv
979 569 1030 657 είρ
1052 561 1146 658 κόρη,
1170 563 1216 646 ὠς
1237 563 1420 658 Εάριτιίδνις

286 671 433 763 ὠνόμασε
461 671 620 766 πάρθενον
639 679 673 747 ἐν
693 681 857 770 Σκίρωνι
882 681 982 768 λέγων
1012 679 1091 769 περὶ
1120 684 1183 746 τῶν
1207 679 1239 747 ἐν
1262 681 1420 780 Κορίνθῳ

286 785 501 878 ἑταιρουσῶν·

481 902 535 968 καὶ
556 900 616 978 τοὶς
636 901 694 988 μὲν
714 895 802 984 άξει,
825 903 934 970 πῶλον
956 895 993 990 ἢν
1016 903 1116 988 διδῷς
1136 904 1205 987 ἕνα,

369 1061 372 1069 .
481 1005 541 1090 τάς
562 1012 599 1080 δὲ
619 1007 779 1104 ξυνωρίδ,
803 1016 838 1082 αἱ
859 1014 896 1082 δὲ
916 1011 1010 1082 κάντὶ
1030 1008 1199 1106 τεσσάρων

484 1129 643 1214 φοιτῶσιν
661 1126 774 1194 ἵππων
795 1120 961 1216 α’ργυριῦν·
983 1129 1116 1217 φιλοῦσι
1138 1127 1174 1195 δὲ

482 1231 546 1304 τάν
567 1237 600 1318 ἐξ
622 1231 774 1324 Ἀθηνῶν,
797 1238 978 1328 παρθένους
999 1233 1076 1308 ὅταν
1098 1240 1186 1328 φέρῃ

484 1344 610 1424 πολλάς
629 1387 669 1401 -

331 1461 386 1525 Vs.
411 1465 430 1524 2
454 1471 519 1526 eret
540 1485 635 1548 quum
660 1471 796 1550 putarem
829 1487 883 1551 pro
912 1454 1009 1554 κάντὶ
1030 1454 1198 1552 τεσσάρων
1219 1459 1281 1528 ni.
1305 1467 1416 1528 rescri-

286 1576 420 1642 bendum
449 1599 514 1640 esse
534 1567 622 1641 κάνιί
644 1569 810 1666 τεσσάρων
831 1559 885 1642 xri
908 1580 927 1641 i.
952 1601 975 1642 e
999 1585 1130 1666 quatuor
1152 1579 1238 1664 cquis
1262 1583 1420 1662 arpecteis

286 1695 403 1776 copiam
414 1692 609 1778 suifccimrt.
622 1695 665 1756 At
681 1691 818 1770 fallebar,
838 1715 910 1756 nam
920 1693 957 1756 dc
969 1693 1124 1758 industria
1135 1695 1179 1756 ita
1190 1701 1282 1782 poeta
1294 1694 1421 1760 locutus

284 1813 340 1872 est.
374 1807 487 1872 Vetto:
532 1807 618 1872 aliae
658 1807 753 1870 ctiam
792 1808 943 1894 ριιοδνίρο
984 1816 1089 1872 vectae
1126 1817 1270 1892 σνρονιίιο
1300 1812 1422 1893 copiam

285 1925 492 2008 suifaciuct.
515 1920 732 1986 Ioci-eculeus
756 1925 858 1988 estin
883 1924 949 2010 ipss
980 1923 1196 2010 ambiguitate3
1230 1946 1319 2009 quam
1354 1947 1421 1990 rem

285 2061 344 2102 non
362 2037 518 2102 intellexit
535 2038 685 2123 interpres
706 2038 838 2102 Latinus
854 2061 902 2124 ap.
927 2038 1100 2103 Didotium.
1125 2039 1179 2103 Vs.
1203 2042 1224 2104 4
1245 2041 1354 2128 scripsi
1381 2065 1422 2105 ex

285 2154 407 2242 egregia
431 2152 539 2218 Cobeti
554 2151 765 2216 emendatione
777 2175 832 2240 pro
849 2153 1001 2242 vulgatis:
1023 2145 1094 2228 τάς
1104 2147 1140 2232 ἐξ
1149 2145 1221 2220 Ἀθ.
1233 2177 1268 2218 π.
1278 2149 1308 2219 ὅ.
1318 2152 1422 2242 φέρῃ.

330 2629 416 2696 stob.
439 2629 515 2700 CV.
542 2628 581 2693 16
605 2618 680 2715 Erip.
704 2617 872 2712 Σιιάρισιν·

494 2741 564 2807 cst
586 2740 649 2805 cciv
668 2737 827 2826 βροτείων
846 2728 892 2812 ὠς
913 2727 1078 2817 άνοίμοίοι
1098 2728 1210 2820 τάχαι·

490 2851 523 2919 οἱ
542 2853 601 2936 μὲν
620 2841 683 2937 γάρ
705 2837 743 2914 εὖ
761 2838 969 2934 πράσσουσι,
990 2853 1060 2922 τοῖς
1081 2846 1119 2912 δὲ
1139 2847 1310 2936 συμφοραί

491 2962 628 3052 σκληραί
648 2953 797 3049 πάρεισιν
820 2955 1006 3042 εὐσεβοῦσιν
1027 2958 1076 3036 είς
1098 2953 1201 3038 θεούς.

330 3078 447 3144 Versus
466 3079 556 3164 primi
582 3065 620 3140 τά
651 3069 724 3162 ἑξῆς
753 3073 813 3138 hcc
836 3056 905 3139 esti
936 3072 1004 3162 φεῦ
1031 3073 1096 3138 τῶν
1115 3069 1275 3161 βροτείων
1295 3077 1424 3158 τυχῶν,

284 3189 330 3270 ως
351 3185 516 3276 άνώμαίοί
536 3187 652 3268 (εἰσιν).
674 3179 746 3262 Qus
769 3211 801 3256 re
819 3211 879 3253 non
911 3185 1080 3262 intellecta,
1108 3188 1166 3252 viri
1192 3187 1277 3252 docti
1300 3192 1332 3252 et
1357 3191 1425 3254 vir·
1476 3225 1477 3240 ο

283 3307 401 3396 gulam¹
422 3310 592 3392 posuerunt
623 3309 695 3390 post
722 3305 789 3390 φεῦ
797 3353 806 3380 ‚
825 3309 857 3370 et
884 3305 1071 3368 traversum
1099 3303 1294 3390 interpretati
1327 3315 1425 3382 sunt,
1476 3243 1477 3277 i

284 3423 373 3510 quasi
397 3441 460 3486 non
484 3416 644 3504 βροτείων
663 3418 716 3484 sed
738 3420 865 3506 βροτῶν
879 3417 1038 3506 legeretur.
1062 3419 1100 3484 In
1113 3416 1175 3482 fine
1188 3424 1287 3484 sutem
1313 3441 1427 3486 versus
1475 3503 1476 3510 ρ

283 3537 456 3604 rectissime
481 3556 533 3621 per
560 3535 798 3612 attractionem,
835 3556 925 3619 quem
961 3539 1091 3611 vocent,
1126 3533 1274 3598 scribitur
1303 3524 1422 3624 τύχαι,
1475 3519 1476 3536 ¹

284 3676 348 3720 non
378 3649 492 3734 τυχών.
523 3649 587 3722 Qui
612 3651 674 3716 duc
708 3673 815 3716 versus
849 3672 919 3726 eos,
951 3671 1028 3736 quos
1051 3649 1219 3736 adscripsi,
1240 3649 1422 3736 excipiunt,

285 3766 409 3857 legendi
431 3769 506 3830 sunt
528 3765 559 3832 in
585 3763 668 3832 hunc
692 3765 832 3832 modum:

283 3879 333 3947 κεί
353 3860 460 3967 (reigo
482 3878 549 3955 καί)
570 3869 664 3945 πάντ’
685 3874 827 3968 ἀκριβῶς
851 3870 929 3942 κάνοι
953 3877 1138 3966 φροντίδων
1158 3876 1231 3960 βίον

285 3988 343 4060 miv
360 3995 408 4079 τῷ
429 3992 538 4081 (vulgo
560 3983 657 4072 οὕτω)
672 3989 787 4076 δικαίῳ
804 3991 911 4078 (vulgo
930 3995 1028 4068 -ως)
1045 3988 1142 4070 ζῶσιν
1159 3980 1311 4077 αἰσχύνης
1326 3983 1422 4078 άτερ.
1473 4051 1474 4063 ,

283 4130 413 4195 quorum
430 4110 559 4196 priorem
584 4128 663 4194 ego,
685 4106 816 4174 alterum
842 4109 996 4172 Gesnerus
1019 4105 1164 4170 correxit.
