2990 5012
693 445 736 514 23

142 635 292 706 Conieci:
323 646 490 724 ἄψοφσς
528 641 616 722 φέρει
650 648 791 726 φοράν.
841 636 1015 728 Postquam
1047 640 1133 710 enim
1168 653 1270 728 φοράν

146 753 325 832 exciderat,
360 760 456 842 βάσιν
495 773 513 820 3
542 773 734 841 praegresso
767 757 859 840 βάσις
883 755 965 822 male
990 757 1175 844 suppletum
1200 779 1272 824 esse

143 869 301 959 suspicor

187 985 239 1052 Vs.
254 989 358 1052 1018:
391 975 438 1054 Ὦ
457 995 519 1053 παῖ
535 987 621 1054 τοῦδ’
635 985 763 1068 ἀνδρὸς.
784 983 919 1070 τοῦργον
940 988 1011 1053 τόδε
1027 989 1141 1070 μεῖζον
1157 991 1268 1072 ἀνήκει

277 1104 380 1185 ἠκατ’
394 1108 473 1186 ἐμὰν
492 1107 616 1187 ‘impar'
630 1105 666 1166 ori
680 1103 715 1168 δὲ
732 1102 880 1188 σύλλαβε.
899 1106 979 1169 Σοί
1007 1129 1047 1170 te
1068 1108 1141 1188 γὰρ
1161 1109 1270 1187 ὄμμα

279 1217 452 1301 ἔμπλεον
477 1247 494 1302 η
521 1215 569 1282 δι’
595 1221 683 1299 ἐμοῦ
708 1221 856 1296 σώζειν.

189 1329 307 1398 Locum
329 1330 565 1398 conclamatum
586 1328 632 1396 sic
655 1339 758 1397 tento:

789 1452 852 1513 Σοί
879 1475 911 1513 τε
940 1454 1000 1532 γάρ
1031 1451 1136 1535 'iupa

277 1562 462 1644 ἔμπεδον
484 1562 555 1645 ἠδὲ
584 1561 719 1628 πλέον
743 1574 897 1641 concie.

144 1676 163 1742 i.
189 1695 217 1742 e.
247 1676 366 1742 etenim
396 1676 513 1763 pirates
542 1674 601 1742 tihi
627 1695 756 1762 praestes
790 1676 965 1759 (incessus)
993 1679 1134 1768 plusque
1168 1683 1268 1748 colec.

145 1790 241 1880 Epica
273 1791 427 1858 vocabula
456 1796 541 1874 lupa
566 1799 598 1856 et
622 1791 676 1874 ἠδέ
702 1789 734 1858 in
760 1801 863 1858 metro
888 1791 1020 1859 heroico
1044 1792 1121 1860 nihil
1150 1794 1270 1862 hahent

144 1905 301 1973 miraculi.
339 1905 382 1974 Cl.
407 1908 520 1990 ἀνέρες
546 1926 589 1971 vs.
617 1908 715 1972 1011.
765 1903 946 1971 pronomen
970 1915 1077 1972 autem
1104 1913 1197 1992 ἐμοῦ,
1223 1907 1270 1974 in·

143 2019 342 2108 terpretandi
378 2040 474 2088 causa
509 2019 585 2086 olim
620 2017 877 2107 superscriptum
909 2020 1129 2110 comparativo
1153 2025 1266 2098 πλέον,

142 2135 240 2203 huius
264 2137 372 2204 locum
398 2154 578 2224 occupasse
602 2133 702 2201 facilis
726 2145 775 2201 est
800 2133 952 2223 suspicio.

155 2273 160 2276 ·
188 2249 424 2318 Punocrnrro
450 2267 497 2316 vs.
522 2251 585 2316 451
611 2270 678 2337 sq.:

276 2377 338 2434 ποῦ
363 2374 419 2453 χρὴ
445 2370 602 2432 τίθεσθαι
626 2376 742 2436 ταῦτα,
767 2377 829 2432 ποῦ
855 2365 884 2431 δ’
906 2372 1025 2440 αἰνεῖν,
1052 2370 1132 2434 ὅταν

276 2489 317 2550 τὰ
343 2481 407 2549 θεῖ’
434 2487 624 2550 ἐπαινῶν
650 2483 723 2556 τούς
747 2484 843 2556 θεούς
868 2484 946 2566 εὕρω
972 2491 1097 2558 κακούς4

190 2595 320 2677 »Quem
343 2597 412 2663 eolo
437 2595 579 2662 laudare
605 2594 764 2686 precedit
786 2595 948 2680 faciunt&
974 2595 1154 2663 Wunder.
1180 2597 1267 2678 Quae

140 2723 247 2780 tamen
282 2710 369 2778 iusto
401 2710 514 2778 durior
537 2720 587 2778 est
608 2709 842 2797 interpretatio.
892 2710 929 2778 Et
955 2711 1010 2778 uhi
1036 2710 1068 2777 in
1094 2711 1265 2780 Philocteta

140 2827 193 2894 illa
217 2827 366 2894 voluntas
389 2825 547 2916 apparet‘l
593 2823 745 2914 Apprime
770 2825 848 2892 mihi
872 2825 1064 2914 probaretur
1085 2827 1163 2894 haec
1188 2827 1267 2895 scri-

141 2943 240 3011 bendi
262 2941 364 3010 ratio:

453 3063 493 3124 τὰ
520 3053 583 3124 θεῖ’
609 3061 792 3142 ἐρευνῶν
818 3065 884 3124 xri·

186 3171 237 3240 VS.
263 3175 346 3240 559:
372 3181 494 3260 φράσον
521 3173 550 3240 δ’
574 3175 657 3255 ἅπερ
682 3173 830 3250 ἔλεξας
860 3172 957 3240 habel
976 3173 1047 3240 cod.
1071 3173 1181 3254 Laut„
1207 3199 1267 3266 pro

141 3310 204 3377 qua
230 3287 390 3375 scriptura
411 3287 456 3354 ex'
470 3286 656 3375 apographo
677 3296 844 3374 receptum
870 3297 919 3354 est
944 3298 1064 3374 φράσον
1090 3293 1119 3356 ‹l’
1136 3297 1217 3378 tium
1237 3295 1266 3374 γ’

140 3407 264 3484 ἔλεξας,
291 3404 323 3471 in
347 3403 466 3492 quihus
490 3431 525 3485 γε
546 3401 682 3470 labentis
700 3401 794 3468 metri
811 3401 947 3468 fulcrum
970 3423 1041 3470 csse
1060 3406 1263 3474 manifestum

140 3528 199 3586 est.
224 3517 299 3585 Mihi
323 3521 435 3598 ἕλσξας
456 3517 778 3605 interpretamentum
801 3516 927 3584 videtur
947 3518 1106 3605 genuinae
1120 3522 1265 3591 lectionis

141 3635 336 3710 λέλακας.
384 3631 493 3720 Nuper
517 3631 675 3698 Tournier
699 3629 918 3698 infelicissime
943 3635 1130 3722 proposuit:

272 3755 393 3832 φράσον
418 3747 446 3814 δ’
469 3751 551 3831 ἅπερ
575 3748 678 3827 λέγεις
703 3751 753 3824 ὡς
776 3752 826 3813 ἂν
853 3755 949 3830 μάθω
973 3753 1004 3814 τί
1025 3777 1079 3832 μοι
1104 3759 1170 3818 κτὲ.

138 3879 203 3928 non
227 3859 452 3927 animadverso
476 3859 590 3947 pedem
617 3869 768 3946 quartum
797 3857 840 3926 ita
864 3859 933 3926 lieri
959 3863 1151 3949 spondeum.

182 3972 235 4042 vs.
261 3976 326 4042 654
351 3995 399 4062 sq.
448 3972 622 4052 Quaerenti
648 3973 876 4061 Neoptolemo:

271 4089 289 4174 ἦ
315 4101 417 4157 ταῦτα
441 4095 501 4174 γὰρ
525 4095 565 4155 τὰ
590 4089 705 4156 κλεινὰ
728 4088 808 4168 τόξ’.
834 4097 856 4156 ἃ
881 4103 938 4158 νῦν
964 4093 1079 4173 λέγεις

138 4202 331 4271 Philoctetes
357 4202 548 4291 respondet:

269 4321 353 4388 τοῦτ’
378 4325 414 4386 οὐ
440 4327 500 4402 γὰρ
524 4315 618 4384 ἄλλ’
643 4316 730 4384 ἔσθ’
753 4323 774 4382 ἃ
799 4322 952 4403 βασταζω
977 4330 1091 4406 χερσῖν.

137 4431 181 4498 Er
209 4432 404 4521 apographis
430 4433 491 4500 hoc
519 4451 652 4522 quoque
676 4429 748 4498 loco
773 4431 855 4498 male
882 4443 1048 4526 receptum
1079 4445 1128 4501 est
1155 4437 1261 4506 ἄλλα

137 4551 164 4632 γ’
186 4550 311 4616 ἔσθ’ίὶ
336 4555 400 4618 xri.
