2968 5014
737 363 861 435 42

317 535 401 601 Plut.
423 557 522 623 praec.
546 533 620 622 reip.
642 555 707 622 ger.
731 539 790 600 28:

471 642 632 738 ’Ἀκραντα
653 639 715 736 γάρ
738 639 771 729 μ’
793 642 888 737 ἔθηκε
910 646 1079 727 θεσπίζειν
1102 641 1191 730 θεός,

474 761 529 826 καὶ
549 753 636 850 πρός
657 753 830 828 παθόντων
848 751 906 826 κόν
926 764 1050 826 κακοῖσι
1067 759 1219 844 κειμένων

478 866 569 964 σοφή
591 871 761 962 κέκλημαι,
784 871 864 962 πρίν
884 877 1002 940 παθεῖν
1023 870 1060 938 δὲ
1081 872 1279 958 μαίνομαι.

318 987 419 1052 Verba
443 996 517 1052 sunt
541 987 717 1052 Casandrae
740 1009 776 1052 ex
800 985 969 1074 Euripidae
993 985 1097 1052 fabula
1113 988 1414 1074 Aleaandr03quam

273 1110 372 1168 vatem
404 1104 649 1169 infelicissimam
681 1110 789 1190 poeta,
821 1103 928 1182 oredo,
961 1103 1126 1168 induxerat
1157 1103 1331 1190 loquentem
1357 1103 1415 1168 ali-

272 1227 390 1305 quanto
413 1221 598 1286 concinnius
622 1221 654 1284 in
680 1219 764 1284 hunc
787 1219 928 1285 modum:

421 1372 459 1385 —
483 1327 573 1422 σαφῆ
595 1331 766 1422 κέκλημαι,
791 1331 871 1422 πρίν
892 1335 1011 1400 παθεῖν
1033 1333 1070 1400 δὲ
1091 1329 1280 1416 μαινολίς.

319 1447 481 1514 Vocabulo
498 1471 573 1514 usus
585 1454 631 1514 est
643 1447 828 1515 Euurrmus
841 1449 894 1516 Or.
909 1450 990 1529 aas,
1003 1450 1203 1516 Arsouruus
1215 1447 1323 1536 Suppl.
1341 1451 1417 1514 lcr.

318 1795 413 1862 Ratio
436 1797 521 1885 fugit
545 1797 743 1877 Nauckium‚
766 1820 860 1884 quum
884 1797 1045 1886 Euripidis
1060 1798 1169 1886 fragm.
1185 1819 1222 1862 ex
1237 1797 1419 1862 Αίεααιιδκο

274 1935 322 1999 ap
344 1911 440 1978 Glem.
465 1913 555 1979 Alex.
579 1917 691 1982 Strom.
717 1914 778 1993 VI,
803 1919 822 1982 2
848 1916 866 2000 δ
893 1917 935 1981 10
959 1915 1004 1982 ita
1024 1913 1241 2002 corrigendum
1263 1923 1419 2003 censeret,

274 2037 310 2095 ut
332 2029 500 2118 legeretur:

472 2123 590 2234 χρόνος
612 2143 649 2210 δὲ
669 2143 771 2226 δείξει
794 2135 833 2226 o’,
859 2135 888 2232 ᾦ
906 2143 1069 2234 τεκμηρίῳ
1091 2136 1211 2231 μαθών

472 2252 494 2348 ἢ
512 2250 632 2348 χρηςόν
653 2252 730 2324 ὄντα
749 2250 917 2345 μνοίσομαί
938 2255 969 2324 σ’
989 2255 1075 2348 ἤτοι
1095 2247 1199 2324 κακόν.

276 2393 333 2459 pro
358 2371 500 2437 codicum
526 2374 680 2459 scriptura
703 2391 742 2436 σε
764 2363 785 2462 ἢ
806 2363 911 2439 κακόν.
944 2375 1064 2462 Nempe
1096 2395 1144 2438 res
1174 2377 1221 2436 est
1246 2370 1423 2436 certissima

277 2489 410 2554 Graecos
441 2489 631 2573 antiquiores
659 2510 720 2553 nou
746 2488 836 2553 aliter
860 2488 1088 2576 dixissequam
1113 2480 1184 2575 η’τοι
1208 2489 1244 2574 (s.
1267 2481 1303 2574 ἢ)
1321 2517 1365 2529 -
1383 2476 1423 2572 η’,

277 2613 386 2670 contra
416 2627 582 2690 numquam
617 2606 739 2670 rationo
772 2605 894 2670 inversa
917 2597 1060 2696 ἥ-ἢκοι,
1094 2626 1190 2690 neque
1223 2587 1422 2690 ἤτοι-ἦτοι.

276 2722 423 2810 Carpitur
445 2709 583 2810 ἦν’-ἥκοι
605 2721 674 2786 iure
701 2743 717 2785 a
741 2721 961 2787 Grammaticis
985 2727 1017 2786 et
1039 2720 1218 2798 Atticistis,
1241 2723 1351 2803 estque
1377 2713 1424 2778 la-

172 2901 174 2904 .
277 2839 379 2906 bontis
402 2837 591 2902 Graecitatis
622 2837 785 2902 indicium.
808 2835 951 2902 Aliorum
976 2837 1172 2903 coniecturas
1196 2835 1228 2898 in
1252 2836 1282 2898 h.
1305 2831 1325 2895 l.
1351 2830 1426 2895 vide

277 2937 323 3043 ap.
358 2953 482 3018 Nauck.
515 2953 551 3017 fr.
583 2957 624 3018 61
659 2952 799 3026 Quarum
833 2953 973 3039 quamvis
1004 2953 1091 3017 uuila
1115 2951 1189 3016 mihi
1211 2949 1328 3038 placet,
1356 2950 1425 3033 ipse

278 3093 338 3135 nou
365 3071 463 3156 magis
488 3067 600 3148 habeo,
623 3067 706 3154 quod
731 3076 848 3134 certum
873 3069 923 3135 sit.
948 3069 1044 3134 Poeta
1068 3068 1190 3156 quidem
1223 3067 1318 3154 digna
1341 3065 1426 3128 foret

277 3185 456 3253 huiusmodi
480 3187 599 3250 oratio:

484 3295 599 3388 χρόνος
621 3298 658 3365 δὲ
680 3298 781 3380 δείξει
802 3291 842 3382 α’,
864 3289 893 3385 ᾦ
913 3298 1077 3389 τεκμηρίῳ
1093 3302 1221 3391 μαθεῖν

484 3403 647 3502 ἢχρηςόν
668 3405 745 3479 ὄντα
765 3405 795 3478 α’
817 3406 838 3502 ἢ
859 3406 956 3479 κακδν
976 3405 1165 3503 δυνήσομαι.
1214 3456 1221 3465 ,
1480 3483 1481 3498 η

278 3529 331 3595 sed
356 3527 488 3594 multum
512 3529 615 3602 abest.
650 3533 686 3593 ut
709 3529 755 3594 ita
778 3549 846 3594 cum
875 3529 1037 3615 scripsisse
1059 3526 1243 3616 perhibeam.
1277 3525 1428 3592 Fortasse
1480 3509 1481 3562 i

279 3645 536 3734 acquiescendum
560 3644 592 3710 in
614 3643 718 3711 Grotii
747 3644 938 3710 corrections
959 3635 1026 3732 σῖγ’
1046 3635 1067 3734 ἢ
1087 3631 1192 3709 κακόν.

322 4024 456 4089 Cramer.
471 4025 532 4087 Au.
549 4021 605 4088 Gr.
621 4021 681 4086 Ox.
701 4024 724 4084 t.
746 4019 820 4098 111,
845 4041 872 4106 p.
899 4018 981 4096 194,
1007 4021 1041 4084 l:
1063 4014 1168 4104 Δηλοῖ
1187 4011 1241 4080 καὶ
1261 4006 1299 4078 τό
1322 4003 1430 4096 αἷμα

278 4127 435 4212 πολλάκις
454 4129 511 4201 καί
530 4127 585 4201 τόν
607 4126 709 4223 φόνον
730 4125 846 4201 αὐτόν·
868 4135 1017 4200 τοιοῦτον
1038 4129 1075 4198 δέ
1102 4155 1135 4196 τι
1163 4129 1253 4196 δοκεῖ
1276 4117 1315 4193 νδ
1342 4115 1432 4216 παρ’
1480 4157 1481 4240 η

280 4243 444 4342 Εὐριπίδῃ
467 4246 499 4314 ἐν
517 4248 567 4332 τῷ
587 4240 642 4314 διδ
668 4247 866 4336 Ψωφῖδος
886 4236 1118 4344 Ἀλμαίωνι·
1480 4241 1481 4258 ’

478 4353 574 4449 Αἷμα
594 4355 655 4452 γάρ
676 4360 786 4452 (φησι)
809 4351 868 4427 σόν
886 4349 992 4449 μήτηρ
1016 4349 1213 4449 ἀπενίψατο.
