<?xml version="1.0" encoding="UTF-8"?>
<!DOCTYPE html PUBLIC "-//W3C//DTD XHTML 1.0 Transitional//EN"
    "http://www.w3.org/TR/xhtml1/DTD/xhtml1-transitional.dtd">
<html xmlns="http://www.w3.org/1999/xhtml" xml:lang="en" lang="en">
 <head>
  <title>
</title>
<meta http-equiv="Content-Type" content="text/html;charset=utf-8" />
  <meta name='ocr-system' content='tesseract 3.04.00' />
  <meta name='ocr-capabilities' content='ocr_page ocr_carea ocr_par ocr_line ocrx_word'/>
</head>
<body>
  <div class='ocr_page' id='page_1' title='image "./exercitationesc02herwgoog/exercitationesc02herwgoog_0097.png"; bbox 0 0 2944 5002; ppageno 0'>
   <div class='ocr_carea' id='block_1_1' title="bbox 769 335 812 396">
    <p class='ocr_par' dir='ltr' id='par_1_1' title="bbox 769 335 812 396">
     <span class='ocr_line' id='line_1_1' title="bbox 769 335 812 396; baseline 0.047 -2"><span class='ocrx_word' id='word_1_1' title='bbox 769 335 812 396; x_wconf 88' lang='grc'><em>68</em></span> 
     </span>
    </p>
   </div>
   <div class='ocr_carea' id='block_1_2' title="bbox 127 515 1460 4720">
    <p class='ocr_par' dir='ltr' id='par_1_2' title="bbox 127 515 1460 4720">
     <span class='ocr_line' id='line_1_2' title="bbox 197 515 1384 604; baseline 0.002 -20"><span class='ocrx_word' id='word_1_2' title='bbox 197 517 382 585; x_wconf 78' lang='lat' dir='ltr'><em>scribendo:</em></span> <span class='ocrx_word' id='word_1_3' title='bbox 415 515 460 585; x_wconf 79' lang='lat' dir='ltr'><em>in</em></span> <span class='ocrx_word' id='word_1_4' title='bbox 493 519 576 584; x_wconf 81' lang='grc' dir='ltr'><strong><em>οὕτω</em></strong></span> <span class='ocrx_word' id='word_1_5' title='bbox 600 521 664 592; x_wconf 65' lang='lat' dir='ltr'><em>aaa</em></span> <span class='ocrx_word' id='word_1_6' title='bbox 685 519 785 598; x_wconf 79' lang='grc' dir='ltr'><strong><em>αὐτῷ</em></strong></span> <span class='ocrx_word' id='word_1_7' title='bbox 808 519 822 582; x_wconf 84' lang='lat' dir='ltr'><em>l</em></span> <span class='ocrx_word' id='word_1_8' title='bbox 844 515 925 594; x_wconf 73' lang='grc' dir='ltr'><strong><em>ἥλιος</em></strong></span> <span class='ocrx_word' id='word_1_9' title='bbox 950 515 1065 584; x_wconf 83' lang='grc' dir='ltr'><strong><em>δίδνκε.</em></strong></span> <span class='ocrx_word' id='word_1_10' title='bbox 1114 517 1235 604; x_wconf 71' lang='lat' dir='ltr'><em>Quibus</em></span> <span class='ocrx_word' id='word_1_11' title='bbox 1261 517 1384 598; x_wconf 77' lang='lat' dir='ltr'><em>uerbis,</em></span> 
     </span>
     <span class='ocr_line' id='line_1_3' title="bbox 197 637 1385 729; baseline 0.002 -26"><span class='ocrx_word' id='word_1_12' title='bbox 197 652 233 704; x_wconf 84' lang='lat' dir='ltr'><em>at</em></span> <span class='ocrx_word' id='word_1_13' title='bbox 256 641 389 728; x_wconf 83' lang='lat' dir='ltr'>opinor,</span> <span class='ocrx_word' id='word_1_14' title='bbox 413 639 591 729; x_wconf 78' lang='lat' dir='ltr'><em>significare</em></span> <span class='ocrx_word' id='word_1_15' title='bbox 614 639 733 719; x_wconf 79' lang='lat' dir='ltr'><em>voluit,</em></span> <span class='ocrx_word' id='word_1_16' title='bbox 754 637 896 704; x_wconf 89' lang='lat' dir='ltr'><em>noudum</em></span> <span class='ocrx_word' id='word_1_17' title='bbox 914 661 1041 704; x_wconf 88' lang='lat' dir='ltr'><em>omnem</em></span> <span class='ocrx_word' id='word_1_18' title='bbox 1062 661 1094 704; x_wconf 89' lang='lat' dir='ltr'><em>se</em></span> <span class='ocrx_word' id='word_1_19' title='bbox 1112 661 1200 728; x_wconf 89' lang='lat' dir='ltr'><em>spem</em></span> <span class='ocrx_word' id='word_1_20' title='bbox 1221 639 1385 707; x_wconf 85' lang='lat' dir='ltr'><em>abiecisse.</em></span> 
     </span>
     <span class='ocr_line' id='line_1_4' title="bbox 198 759 1388 848; baseline 0.003 -24"><span class='ocrx_word' id='word_1_21' title='bbox 198 760 317 826; x_wconf 82' lang='lat' dir='ltr'><em>Vereor</em></span> <span class='ocrx_word' id='word_1_22' title='bbox 340 771 374 826; x_wconf 87' lang='lat' dir='ltr'><em>ut</em></span> <span class='ocrx_word' id='word_1_23' title='bbox 394 759 521 839; x_wconf 81' lang='lat' dir='ltr'><em>Livius,</em></span> <span class='ocrx_word' id='word_1_24' title='bbox 542 761 597 848; x_wconf 92' lang='lat' dir='ltr'><em>qui</em></span> <span class='ocrx_word' id='word_1_25' title='bbox 619 781 657 826; x_wconf 85' lang='lat' dir='ltr'><em>er</em></span> <span class='ocrx_word' id='word_1_26' title='bbox 680 759 843 826; x_wconf 86' lang='lat' dir='ltr'><em>communi</em></span> <span class='ocrx_word' id='word_1_27' title='bbox 866 759 953 826; x_wconf 88' lang='lat' dir='ltr'><em>fonte</em></span> <span class='ocrx_word' id='word_1_28' title='bbox 978 759 1110 848; x_wconf 72' lang='lat' dir='ltr'><em>Polybio</em></span> <span class='ocrx_word' id='word_1_29' title='bbox 1134 759 1388 840; x_wconf 82' lang='lat' dir='ltr'><em>eademnamet,</em></span> 
     </span>
     <span class='ocr_line' id='line_1_5' title="bbox 198 865 1390 971; baseline -0.001 -25"><span class='ocrx_word' id='word_1_30' title='bbox 198 894 284 947; x_wconf 85' lang='lat' dir='ltr'><em>recte</em></span> <span class='ocrx_word' id='word_1_31' title='bbox 322 881 441 948; x_wconf 83' lang='lat' dir='ltr'><em>Graeca</em></span> <span class='ocrx_word' id='word_1_32' title='bbox 482 881 526 946; x_wconf 90' lang='lat' dir='ltr'><em>sic</em></span> <span class='ocrx_word' id='word_1_33' title='bbox 560 881 784 971; x_wconf 81' lang='lat' dir='ltr'><em>interpretatus</em></span> <span class='ocrx_word' id='word_1_34' title='bbox 815 881 854 946; x_wconf 79' lang='lat' dir='ltr'><em>sit</em></span> <span class='ocrx_word' id='word_1_35' title='bbox 886 881 1017 948; x_wconf 85' lang='lat' dir='ltr'><em>Latine:</em></span> <span class='ocrx_word' id='word_1_36' title='bbox 1053 865 1202 954; x_wconf 72' lang='lat' dir='ltr'><em>nundum</em></span> <span class='ocrx_word' id='word_1_37' title='bbox 1238 885 1390 946; x_wconf 83' lang='lat' dir='ltr'><em>omnium</em></span> 
     </span>
     <span class='ocr_line' id='line_1_6' title="bbox 199 999 1387 1092; baseline 0.002 -24"><span class='ocrx_word' id='word_1_38' title='bbox 199 1001 333 1068; x_wconf 81' lang='lat' dir='ltr'><em>alierum</em></span> <span class='ocrx_word' id='word_1_39' title='bbox 369 1004 473 1068; x_wconf 78' lang='lat' dir='ltr'><em>solem</em></span> <span class='ocrx_word' id='word_1_40' title='bbox 504 999 687 1068; x_wconf 79' lang='lat' dir='ltr'><em>occidisse.</em></span> <span class='ocrx_word' id='word_1_41' title='bbox 736 1000 799 1068; x_wconf 87' lang='lat' dir='ltr'><em>Sed</em></span> <span class='ocrx_word' id='word_1_42' title='bbox 831 1014 933 1068; x_wconf 82' lang='lat' dir='ltr'><em>totum</em></span> <span class='ocrx_word' id='word_1_43' title='bbox 957 1001 1083 1081; x_wconf 88' lang='lat' dir='ltr'><em>locum,</em></span> <span class='ocrx_word' id='word_1_44' title='bbox 1108 1001 1164 1091; x_wconf 84' lang='lat' dir='ltr'><em>qui</em></span> <span class='ocrx_word' id='word_1_45' title='bbox 1187 1001 1304 1092; x_wconf 72' lang='lat' dir='ltr'><em>legitur</em></span> <span class='ocrx_word' id='word_1_46' title='bbox 1325 1001 1387 1070; x_wconf 89' lang='lat' dir='ltr'><em>lib.</em></span> 
     </span>
     <span class='ocr_line' id='line_1_7' title="bbox 199 1121 1390 1212; baseline -0.001 -22"><span class='ocrx_word' id='word_1_47' title='bbox 199 1121 357 1202; x_wconf 79' lang='lat' dir='ltr'>XXXIX,</span> <span class='ocrx_word' id='word_1_48' title='bbox 394 1127 458 1202; x_wconf 85' lang='lat'><em>36,</em></span> <span class='ocrx_word' id='word_1_49' title='bbox 492 1135 647 1212; x_wconf 82' lang='lat' dir='ltr'><em>quatenus</em></span> <span class='ocrx_word' id='word_1_50' title='bbox 679 1122 744 1188; x_wconf 89' lang='lat' dir='ltr'><em>huc</em></span> <span class='ocrx_word' id='word_1_51' title='bbox 774 1122 867 1202; x_wconf 84' lang='lat' dir='ltr'><em>iacit,</em></span> <span class='ocrx_word' id='word_1_52' title='bbox 900 1121 1106 1189; x_wconf 84' lang='lat' dir='ltr'><em>adscribendo</em></span> <span class='ocrx_word' id='word_1_53' title='bbox 1130 1145 1194 1188; x_wconf 86' lang='lat' dir='ltr'><em>nou</em></span> <span class='ocrx_word' id='word_1_54' title='bbox 1217 1122 1301 1190; x_wconf 87' lang='lat' dir='ltr'><em>male</em></span> <span class='ocrx_word' id='word_1_55' title='bbox 1323 1123 1390 1189; x_wconf 93' lang='lat' dir='ltr'><em>hoc</em></span> 
     </span>
     <span class='ocr_line' id='line_1_8' title="bbox 197 1242 1389 1334; baseline 0 -24"><span class='ocrx_word' id='word_1_56' title='bbox 197 1243 410 1334; x_wconf 73' lang='lat' dir='ltr'><strong>fragmentum</strong></span> <span class='ocrx_word' id='word_1_57' title='bbox 441 1244 598 1310; x_wconf 80' lang='lat' dir='ltr'><em>illustrare</em></span> <span class='ocrx_word' id='word_1_58' title='bbox 628 1242 709 1312; x_wconf 89' lang='lat' dir='ltr'><em>mihi</em></span> <span class='ocrx_word' id='word_1_59' title='bbox 739 1243 857 1310; x_wconf 79' lang='lat' dir='ltr'><em>videor.</em></span> <span class='ocrx_word' id='word_1_60' title='bbox 907 1243 996 1310; x_wconf 80' lang='lat' dir='ltr'><em>livio</em></span> <span class='ocrx_word' id='word_1_61' title='bbox 1026 1244 1125 1333; x_wconf 76' lang='lat' dir='ltr'><em>igitur</em></span> <span class='ocrx_word' id='word_1_62' title='bbox 1155 1256 1284 1310; x_wconf 77' lang='lat' dir='ltr'><em>auctore</em></span> <span class='ocrx_word' id='word_1_63' title='bbox 1307 1243 1389 1310; x_wconf 79' lang='lat' dir='ltr'><em>dixit</em></span> 
     </span>
     <span class='ocr_line' id='line_1_9' title="bbox 198 1363 1390 1456; baseline -0.002 -24"><span class='ocrx_word' id='word_1_64' title='bbox 198 1364 381 1456; x_wconf 81' lang='lat' dir='ltr'>Philippus:</span> <span class='ocrx_word' id='word_1_65' title='bbox 417 1366 610 1430; x_wconf 72' lang='lat' dir='ltr'><em>insolenter</em></span> <span class='ocrx_word' id='word_1_66' title='bbox 641 1373 746 1454; x_wconf 87' lang='lat' dir='ltr'><em>atque</em></span> <span class='ocrx_word' id='word_1_67' title='bbox 778 1363 956 1430; x_wconf 84' lang='lat' dir='ltr'><em>immodice</em></span> <span class='ocrx_word' id='word_1_68' title='bbox 986 1363 1086 1430; x_wconf 82' lang='lat' dir='ltr'><em>abuti</em></span> <span class='ocrx_word' id='word_1_69' title='bbox 1119 1365 1307 1432; x_wconf 73' lang='lat' dir='ltr'><em>Thessalas</em></span> <span class='ocrx_word' id='word_1_70' title='bbox 1330 1367 1390 1430; x_wconf 81' lang='lat' dir='ltr'><em>in-</em></span> 
     </span>
     <span class='ocr_line' id='line_1_10' title="bbox 199 1485 1389 1576; baseline -0.002 -24"><span class='ocrx_word' id='word_1_71' title='bbox 199 1485 383 1576; x_wconf 77' lang='lat' dir='ltr'><em>dulgentia</em></span> <span class='ocrx_word' id='word_1_72' title='bbox 417 1485 459 1552; x_wconf 90' lang='lat' dir='ltr'><em>P.</em></span> <span class='ocrx_word' id='word_1_73' title='bbox 486 1485 531 1552; x_wconf 78' lang='lat' dir='ltr'><em>n.</em></span> <span class='ocrx_word' id='word_1_74' title='bbox 553 1487 647 1552; x_wconf 83' lang='lat' dir='ltr'><em>uelut</em></span> <span class='ocrx_word' id='word_1_75' title='bbox 671 1507 715 1552; x_wconf 77' lang='lat' dir='ltr'><em>ea</em></span> <span class='ocrx_word' id='word_1_76' title='bbox 739 1485 881 1551; x_wconf 84' lang='lat' dir='ltr'><em>diutina</em></span> <span class='ocrx_word' id='word_1_77' title='bbox 905 1489 972 1551; x_wconf 80' lang='lat' dir='ltr'><em>siti</em></span> <span class='ocrx_word' id='word_1_78' title='bbox 990 1489 1106 1550; x_wconf 82' lang='lat' dir='ltr'><em>&#39;nimis</em></span> <span class='ocrx_word' id='word_1_79' title='bbox 1129 1487 1234 1551; x_wconf 86' lang='lat' dir='ltr'><em>auide</em></span> <span class='ocrx_word' id='word_1_80' title='bbox 1257 1507 1389 1552; x_wconf 85' lang='lat' dir='ltr'><em>meram</em></span> 
     </span>
     <span class='ocr_line' id='line_1_11' title="bbox 199 1607 1390 1698; baseline 0 -26"><span class='ocrx_word' id='word_1_81' title='bbox 199 1609 404 1674; x_wconf 70' lang='lat' dir='ltr'><em>haurientes</em></span> <span class='ocrx_word' id='word_1_82' title='bbox 436 1607 654 1674; x_wconf 86' lang='lat' dir='ltr'><em>libertatem:</em></span> <span class='ocrx_word' id='word_1_83' title='bbox 688 1612 743 1674; x_wconf 89' lang='lat' dir='ltr'><em>ita</em></span> <span class='ocrx_word' id='word_1_84' title='bbox 778 1629 955 1674; x_wconf 70' lang='lat' dir='ltr'><em>seruorum</em></span> <span class='ocrx_word' id='word_1_85' title='bbox 989 1607 1086 1673; x_wconf 87' lang='lat' dir='ltr'><em>modo</em></span> <span class='ocrx_word' id='word_1_86' title='bbox 1112 1617 1263 1698; x_wconf 82' lang='lat' dir='ltr'><em>praeter</em></span> <span class='ocrx_word' id='word_1_87' title='bbox 1293 1629 1390 1698; x_wconf 81' lang='lat' dir='ltr'><em>spem</em></span> 
     </span>
     <span class='ocr_line' id='line_1_12' title="bbox 198 1732 1390 1821; baseline -0.001 -27"><span class='ocrx_word' id='word_1_88' title='bbox 198 1733 487 1796; x_wconf 74' lang='lat' dir='ltr'><em>manumissorum</em></span> <span class='ocrx_word' id='word_1_89' title='bbox 520 1732 699 1795; x_wconf 87' lang='lat' dir='ltr'><em>licentiam</em></span> <span class='ocrx_word' id='word_1_90' title='bbox 731 1734 826 1794; x_wconf 76' lang='lat' dir='ltr'><em>uocis</em></span> <span class='ocrx_word' id='word_1_91' title='bbox 852 1738 886 1794; x_wconf 90' lang='lat' dir='ltr'><em>et</em></span> <span class='ocrx_word' id='word_1_92' title='bbox 910 1732 1052 1821; x_wconf 84' lang='lat' dir='ltr'><em>linguae</em></span> <span class='ocrx_word' id='word_1_93' title='bbox 1075 1733 1237 1821; x_wconf 73' lang='lat' dir='ltr'><em>eaperiri</em></span> <span class='ocrx_word' id='word_1_94' title='bbox 1259 1737 1293 1794; x_wconf 86' lang='lat' dir='ltr'><em>et</em></span> <span class='ocrx_word' id='word_1_95' title='bbox 1317 1733 1390 1794; x_wconf 88' lang='lat' dir='ltr'><em>iac-</em></span> 
     </span>
     <span class='ocr_line' id='line_1_13' title="bbox 201 1849 1392 1932; baseline 0 -18"><span class='ocrx_word' id='word_1_96' title='bbox 201 1859 280 1915; x_wconf 78' lang='lat' dir='ltr'><em>tare</em></span> <span class='ocrx_word' id='word_1_97' title='bbox 322 1873 398 1916; x_wconf 82' lang='lat' dir='ltr'><em>sese</em></span> <span class='ocrx_word' id='word_1_98' title='bbox 431 1855 662 1916; x_wconf 79' lang='lat' dir='ltr'><em>insectatione</em></span> <span class='ocrx_word' id='word_1_99' title='bbox 697 1859 733 1915; x_wconf 86' lang='lat' dir='ltr'><em>et</em></span> <span class='ocrx_word' id='word_1_100' title='bbox 766 1855 934 1916; x_wconf 77' lang='lat' dir='ltr'><em>conuiciis</em></span> <span class='ocrx_word' id='word_1_101' title='bbox 969 1851 1194 1916; x_wconf 86' lang='lat' dir='ltr'><em>dominorum.</em></span> <span class='ocrx_word' id='word_1_102' title='bbox 1255 1849 1392 1932; x_wconf 75' lang='lat' dir='ltr'><em>Elatus</em></span> 
     </span>
     <span class='ocr_line' id='line_1_14' title="bbox 201 1967 1394 2037; baseline 0 -1"><span class='ocrx_word' id='word_1_103' title='bbox 201 1967 326 2036; x_wconf 81' lang='lat' dir='ltr'><em>deiude</em></span> <span class='ocrx_word' id='word_1_104' title='bbox 350 1975 408 2036; x_wconf 85' lang='lat' dir='ltr'><em>ira</em></span> <span class='ocrx_word' id='word_1_105' title='bbox 431 1972 565 2037; x_wconf 84' lang='lat' dir='ltr'><em>adiecit</em></span> <span class='ocrx_word' id='word_1_106' title='bbox 589 1971 735 2036; x_wconf 87' lang='lat' dir='ltr'><em>nondum</em></span> <span class='ocrx_word' id='word_1_107' title='bbox 761 1973 909 2036; x_wconf 85' lang='lat' dir='ltr'><em>omnium</em></span> <span class='ocrx_word' id='word_1_108' title='bbox 932 1968 1394 2037; x_wconf 81' lang='lat' dir='ltr'><em>dieramsolemocciclisee:</em></span> 
     </span>
     <span class='ocr_line' id='line_1_15' title="bbox 200 2091 1393 2158; baseline 0.002 -2"><span class='ocrx_word' id='word_1_109' title='bbox 200 2093 242 2158; x_wconf 87' lang='lat' dir='ltr'><em>id</em></span> <span class='ocrx_word' id='word_1_110' title='bbox 263 2095 452 2158; x_wconf 76' lang='lat' dir='ltr'><em>minaciter</em></span> <span class='ocrx_word' id='word_1_111' title='bbox 476 2091 607 2158; x_wconf 83' lang='lat' dir='ltr'><em>dictum</em></span> <span class='ocrx_word' id='word_1_112' title='bbox 631 2115 698 2158; x_wconf 90' lang='lat' dir='ltr'><em>non</em></span> <span class='ocrx_word' id='word_1_113' title='bbox 724 2091 890 2158; x_wconf 78' lang='lat' dir='ltr'><em>Thessali</em></span> <span class='ocrx_word' id='word_1_114' title='bbox 911 2091 1007 2156; x_wconf 84' lang='lat' dir='ltr'><em>modo</em></span> <span class='ocrx_word' id='word_1_115' title='bbox 1031 2095 1070 2156; x_wconf 90' lang='lat' dir='ltr'><em>in</em></span> <span class='ocrx_word' id='word_1_116' title='bbox 1094 2114 1170 2156; x_wconf 80' lang='lat' dir='ltr'><em>sese</em></span> <span class='ocrx_word' id='word_1_117' title='bbox 1193 2091 1258 2157; x_wconf 84' lang='lat' dir='ltr'><em>sed</em></span> <span class='ocrx_word' id='word_1_118' title='bbox 1282 2095 1393 2158; x_wconf 89' lang='lat' dir='ltr'><em>etiam</em></span> 
     </span>
     <span class='ocr_line' id='line_1_16' title="bbox 200 2208 1394 2303; baseline -0.001 -24"><span class='ocrx_word' id='word_1_119' title='bbox 200 2211 353 2279; x_wconf 81' lang='lat' dir='ltr'><em>Romani</em></span> <span class='ocrx_word' id='word_1_120' title='bbox 382 2221 600 2303; x_wconf 80' lang='lat' dir='ltr'><em>acceperunt.</em></span> <span class='ocrx_word' id='word_1_121' title='bbox 651 2211 746 2302; x_wconf 75' lang='lat' dir='ltr'><em>Apud</em></span> <span class='ocrx_word' id='word_1_122' title='bbox 777 2208 951 2278; x_wconf 83' lang='lat' dir='ltr'><em>Diodorum</em></span> <span class='ocrx_word' id='word_1_123' title='bbox 979 2212 1091 2278; x_wconf 87' lang='lat' dir='ltr'><em>ultima</em></span> <span class='ocrx_word' id='word_1_124' title='bbox 1112 2211 1208 2280; x_wconf 84' lang='lat' dir='ltr'><em>rerba</em></span> <span class='ocrx_word' id='word_1_125' title='bbox 1231 2211 1275 2279; x_wconf 87' lang='lat' dir='ltr'><em>sic</em></span> <span class='ocrx_word' id='word_1_126' title='bbox 1298 2213 1394 2278; x_wconf 85' lang='lat' dir='ltr'><em>audi-</em></span> 
     </span>
     <span class='ocr_line' id='line_1_17' title="bbox 201 2331 1460 2416; baseline 0.002 -18"><span class='ocrx_word' id='word_1_127' title='bbox 201 2345 279 2398; x_wconf 84' lang='lat' dir='ltr'><em>unt:</em></span> <span class='ocrx_word' id='word_1_128' title='bbox 313 2331 421 2398; x_wconf 80' lang='grc' dir='ltr'><strong><em>τούτου</em></strong></span> <span class='ocrx_word' id='word_1_129' title='bbox 451 2333 481 2397; x_wconf 87' lang='grc' dir='ltr'><em>δὲ</em></span> <span class='ocrx_word' id='word_1_130' title='bbox 505 2337 558 2398; x_wconf 80' lang='grc' dir='ltr'><em>τοῦ</em></span> <span class='ocrx_word' id='word_1_131' title='bbox 582 2331 678 2412; x_wconf 68' lang='grc' dir='ltr'><strong><em>λίνον</em></strong></span> <span class='ocrx_word' id='word_1_132' title='bbox 700 2332 839 2416; x_wconf 74' lang='grc' dir='ltr'><em>ῥιφέντος</em></span> <span class='ocrx_word' id='word_1_133' title='bbox 863 2333 988 2400; x_wconf 83' lang='grc' dir='ltr'><strong><em>ὑτίνονα</em></strong></span> <span class='ocrx_word' id='word_1_134' title='bbox 1011 2340 1074 2406; x_wconf 77' lang='grc' dir='ltr'><strong><em>τοῖς</em></strong></span> <span class='ocrx_word' id='word_1_135' title='bbox 1097 2333 1254 2400; x_wconf 73' lang='lat' dir='ltr'><em>lucianea</em></span> <span class='ocrx_word' id='word_1_136' title='bbox 1270 2332 1393 2400; x_wconf 77' lang='grc' dir='ltr'><strong><em>είοίτε-</em></strong></span> <span class='ocrx_word' id='word_1_137' title='bbox 1459 2407 1460 2410; x_wconf 11' lang='lat'>¹</span> 
     </span>
     <span class='ocr_line' id='line_1_18' title="bbox 203 2451 1460 2535; baseline -0.002 -15"><span class='ocrx_word' id='word_1_138' title='bbox 203 2477 256 2520; x_wconf 82' lang='grc' dir='ltr'><em>τεν</em></span> <span class='ocrx_word' id='word_1_139' title='bbox 285 2455 323 2526; x_wconf 78' lang='grc' dir='ltr'><em>ὥς</em></span> <span class='ocrx_word' id='word_1_140' title='bbox 357 2454 512 2520; x_wconf 75' lang='grc' dir='ltr'><strong><em>Φολίττον</em></strong></span> <span class='ocrx_word' id='word_1_141' title='bbox 544 2453 822 2534; x_wconf 70' lang='grc' dir='ltr'><em>διαπολεμήσαντος</em></span> <span class='ocrx_word' id='word_1_142' title='bbox 852 2454 925 2535; x_wconf 78' lang='grc' dir='ltr'><em>πρὸς</em></span> <span class='ocrx_word' id='word_1_143' title='bbox 947 2452 1123 2532; x_wconf 77' lang='grc' dir='ltr'><strong><em>Ῥαμαίους.</em></strong></span> <span class='ocrx_word' id='word_1_144' title='bbox 1158 2453 1217 2518; x_wconf 73' lang='grc' dir='ltr'><em>Καὶ</em></span> <span class='ocrx_word' id='word_1_145' title='bbox 1241 2451 1394 2534; x_wconf 57' lang='lat' dir='ltr'><em>anocho-</em></span> <span class='ocrx_word' id='word_1_146' title='bbox 1459 2453 1460 2458; x_wconf 70' lang='grc'>’</span> 
     </span>
     <span class='ocr_line' id='line_1_19' title="bbox 200 2571 1394 2664; baseline -0.002 -22"><span class='ocrx_word' id='word_1_147' title='bbox 200 2574 301 2648; x_wconf 75' lang='grc' dir='ltr'><strong><em>θέντες</em></strong></span> <span class='ocrx_word' id='word_1_148' title='bbox 327 2573 384 2660; x_wconf 86' lang='lat' dir='ltr'><em>(sic</em></span> <span class='ocrx_word' id='word_1_149' title='bbox 406 2575 523 2664; x_wconf 74' lang='lat' dir='ltr'><em>pergit)</em></span> <span class='ocrx_word' id='word_1_150' title='bbox 548 2574 664 2657; x_wconf 75' lang='grc' dir='ltr'><em>ἔκρινον</em></span> <span class='ocrx_word' id='word_1_151' title='bbox 686 2573 844 2654; x_wconf 76' lang='grc' dir='ltr'><strong><em>μηδεμίαν</em></strong></span> <span class='ocrx_word' id='word_1_152' title='bbox 866 2573 983 2640; x_wconf 75' lang='lat' dir='ltr'><em>alnou</em></span> <span class='ocrx_word' id='word_1_153' title='bbox 1006 2577 1064 2637; x_wconf 86' lang='grc' dir='ltr'><em>τῶν</em></span> <span class='ocrx_word' id='word_1_154' title='bbox 1087 2571 1172 2638; x_wconf 72' lang='grc' dir='ltr'><strong><em>κατὰ</em></strong></span> <span class='ocrx_word' id='word_1_155' title='bbox 1196 2575 1394 2640; x_wconf 72' lang='grc' dir='ltr'><strong><em>Μακεδονίαν</em></strong></span> 
     </span>
     <span class='ocr_line' id='line_1_20' title="bbox 201 2693 1394 2788; baseline 0 -26"><span class='ocrx_word' id='word_1_156' title='bbox 201 2695 287 2779; x_wconf 72' lang='grc' dir='ltr'><strong><em>ἓχενν</em></strong></span> <span class='ocrx_word' id='word_1_157' title='bbox 311 2696 474 2762; x_wconf 70' lang='lat' dir='ltr'><em>uinearum.</em></span> <span class='ocrx_word' id='word_1_158' title='bbox 513 2696 601 2781; x_wconf 79' lang='lat' dir='ltr'><em>Quae</em></span> <span class='ocrx_word' id='word_1_159' title='bbox 622 2694 780 2784; x_wconf 86' lang='lat' dir='ltr'><em>quomodo</em></span> <span class='ocrx_word' id='word_1_160' title='bbox 804 2693 988 2784; x_wconf 78' lang='lat' dir='ltr'><em>corrigenda</em></span> <span class='ocrx_word' id='word_1_161' title='bbox 1012 2693 1092 2772; x_wconf 78' lang='lat' dir='ltr'><em>sint,</em></span> <span class='ocrx_word' id='word_1_162' title='bbox 1118 2693 1204 2788; x_wconf 88' lang='lat' dir='ltr'><em>(nam</em></span> <span class='ocrx_word' id='word_1_163' title='bbox 1228 2695 1273 2760; x_wconf 85' lang='lat' dir='ltr'><em>ris</em></span> <span class='ocrx_word' id='word_1_164' title='bbox 1291 2695 1394 2762; x_wconf 85' lang='lat' dir='ltr'><em>inser·</em></span> 
     </span>
     <span class='ocr_line' id='line_1_21' title="bbox 200 2813 1392 2906; baseline -0.001 -23"><span class='ocrx_word' id='word_1_165' title='bbox 200 2829 254 2884; x_wconf 77' lang='lat' dir='ltr'><em>tur</em></span> <span class='ocrx_word' id='word_1_166' title='bbox 287 2816 435 2882; x_wconf 82' lang='lat' dir='ltr'><em>historiae</em></span> <span class='ocrx_word' id='word_1_167' title='bbox 446 2814 470 2904; x_wconf 89' lang='lat'><em>‚)</em></span> <span class='ocrx_word' id='word_1_168' title='bbox 506 2815 654 2882; x_wconf 83' lang='lat' dir='ltr'><em>discimus</em></span> <span class='ocrx_word' id='word_1_169' title='bbox 689 2839 726 2881; x_wconf 89' lang='lat' dir='ltr'><em>er</em></span> <span class='ocrx_word' id='word_1_170' title='bbox 749 2815 807 2894; x_wconf 85' lang='lat' dir='ltr'><em>iis,</em></span> <span class='ocrx_word' id='word_1_171' title='bbox 832 2837 933 2904; x_wconf 84' lang='lat' dir='ltr'><em>quae,</em></span> <span class='ocrx_word' id='word_1_172' title='bbox 957 2814 1066 2904; x_wconf 85' lang='lat' dir='ltr'><em>paucis</em></span> <span class='ocrx_word' id='word_1_173' title='bbox 1090 2813 1280 2894; x_wconf 84' lang='lat' dir='ltr'><em>interiectis,</em></span> <span class='ocrx_word' id='word_1_174' title='bbox 1305 2817 1392 2906; x_wconf 82' lang='lat' dir='ltr'><em>apud</em></span> 
     </span>
     <span class='ocr_line' id='line_1_22' title="bbox 127 2932 1459 3032; baseline 0 -29"><span class='ocrx_word' id='word_1_175' title='bbox 127 2995 138 3016; x_wconf 84' lang='grc'><strong><em>,</em></strong></span> <span class='ocrx_word' id='word_1_176' title='bbox 202 2935 327 3003; x_wconf 76' lang='lat' dir='ltr'><em>Livium</em></span> <span class='ocrx_word' id='word_1_177' title='bbox 358 2947 552 3025; x_wconf 84' lang='lat' dir='ltr'><em>sequuntur:</em></span> <span class='ocrx_word' id='word_1_178' title='bbox 607 2932 725 3001; x_wconf 84' lang='lat' dir='ltr'><em>Causa</em></span> <span class='ocrx_word' id='word_1_179' title='bbox 757 2940 897 3025; x_wconf 79' lang='lat' dir='ltr'><em>cognita</em></span> <span class='ocrx_word' id='word_1_180' title='bbox 923 2937 1249 3026; x_wconf 82' lang='lat' dir='ltr'><em>pronuntiaverunt</em></span> <span class='ocrx_word' id='word_1_181' title='bbox 1279 2938 1396 3027; x_wconf 80' lang='lat' dir='ltr'><em>legati</em></span> <span class='ocrx_word' id='word_1_182' title='bbox 1458 3019 1459 3032; x_wconf 10' lang='grc' dir='ltr'>χ</span> 
     </span>
     <span class='ocr_line' id='line_1_23' title="bbox 203 3055 1395 3148; baseline 0 -24"><span class='ocrx_word' id='word_1_183' title='bbox 203 3059 447 3148; x_wconf 77' lang='lat' dir='ltr'><em>(Romanorsun)</em></span> <span class='ocrx_word' id='word_1_184' title='bbox 470 3058 617 3147; x_wconf 85' lang='lat' dir='ltr'><em>placere</em></span> <span class='ocrx_word' id='word_1_185' title='bbox 646 3055 774 3122; x_wconf 85' lang='lat' dir='ltr'><em>deduci</em></span> <span class='ocrx_word' id='word_1_186' title='bbox 796 3057 990 3148; x_wconf 81' lang='lat' dir='ltr'><em>praesidia</em></span> <span class='ocrx_word' id='word_1_187' title='bbox 1020 3057 1249 3124; x_wconf 83' lang='lat' dir='ltr'><em>Macedonum</em></span> <span class='ocrx_word' id='word_1_188' title='bbox 1273 3080 1318 3122; x_wconf 81' lang='lat' dir='ltr'><em>ea</em></span> <span class='ocrx_word' id='word_1_189' title='bbox 1343 3063 1395 3124; x_wconf 78' lang='lat' dir='ltr'><em>iis</em></span> 
     </span>
     <span class='ocr_line' id='line_1_24' title="bbox 201 3175 1397 3268; baseline -0.001 -22"><span class='ocrx_word' id='word_1_190' title='bbox 201 3180 343 3246; x_wconf 75' lang='lat' dir='ltr'><em>urbione</em></span> <span class='ocrx_word' id='word_1_191' title='bbox 376 3179 504 3268; x_wconf 83' lang='lat' dir='ltr'><em>(nempe</em></span> <span class='ocrx_word' id='word_1_192' title='bbox 539 3177 758 3244; x_wconf 80' lang='lat' dir='ltr'><em>Thessalorum</em></span> <span class='ocrx_word' id='word_1_193' title='bbox 793 3189 824 3244; x_wconf 85' lang='lat' dir='ltr'><em>et</em></span> <span class='ocrx_word' id='word_1_194' title='bbox 860 3175 1124 3265; x_wconf 80' lang='lat' dir='ltr'><em>Perrhaeborum)</em></span> <span class='ocrx_word' id='word_1_195' title='bbox 1162 3187 1196 3244; x_wconf 88' lang='lat' dir='ltr'><em>ct</em></span> <span class='ocrx_word' id='word_1_196' title='bbox 1229 3182 1397 3268; x_wconf 85' lang='lat' dir='ltr'><em>antiquis</em></span> 
     </span>
     <span class='ocr_line' id='line_1_25' title="bbox 203 3297 1399 3388; baseline -0.003 -19"><span class='ocrx_word' id='word_1_197' title='bbox 203 3299 435 3369; x_wconf 74' lang='lat' dir='ltr'><em>Macedoniae</em></span> <span class='ocrx_word' id='word_1_198' title='bbox 458 3303 620 3364; x_wconf 84' lang='lat' dir='ltr'><em>terminis</em></span> <span class='ocrx_word' id='word_1_199' title='bbox 643 3321 785 3388; x_wconf 77' lang='lat' dir='ltr'><em>regnum</em></span> <span class='ocrx_word' id='word_1_200' title='bbox 809 3297 926 3383; x_wconf 84' lang='lat' dir='ltr'><em>finiri.</em></span> <span class='ocrx_word' id='word_1_201' title='bbox 976 3299 1191 3364; x_wconf 84' lang='lat' dir='ltr'><em>Romanorum</em></span> <span class='ocrx_word' id='word_1_202' title='bbox 1212 3299 1330 3388; x_wconf 74' lang='lat' dir='ltr'><em>legatos</em></span> <span class='ocrx_word' id='word_1_203' title='bbox 1348 3301 1399 3366; x_wconf 84' lang='lat' dir='ltr'><em>ita</em></span> 
     </span>
     <span class='ocr_line' id='line_1_26' title="bbox 201 3418 1396 3511; baseline 0 -24"><span class='ocrx_word' id='word_1_204' title='bbox 201 3421 426 3511; x_wconf 80' lang='lat' dir='ltr'><em>pronunciasse</em></span> <span class='ocrx_word' id='word_1_205' title='bbox 456 3432 526 3511; x_wconf 81' lang='lat' dir='ltr'><em>post</em></span> <span class='ocrx_word' id='word_1_206' title='bbox 556 3419 727 3486; x_wconf 90' lang='lat' dir='ltr'><em>concilium</em></span> <span class='ocrx_word' id='word_1_207' title='bbox 757 3418 796 3484; x_wconf 85' lang='lat' dir='ltr'><em>ed</em></span> <span class='ocrx_word' id='word_1_208' title='bbox 822 3419 1001 3486; x_wconf 83' lang='lat' dir='ltr'><em>Thessalica</em></span> <span class='ocrx_word' id='word_1_209' title='bbox 1025 3419 1143 3510; x_wconf 85' lang='lat' dir='ltr'><em>Tempe</em></span> <span class='ocrx_word' id='word_1_210' title='bbox 1165 3418 1328 3498; x_wconf 87' lang='lat' dir='ltr'><em>habitum,</em></span> <span class='ocrx_word' id='word_1_211' title='bbox 1357 3423 1396 3488; x_wconf 91' lang='lat' dir='ltr'><em>in</em></span> 
     </span>
     <span class='ocr_line' id='line_1_27' title="bbox 204 3529 1396 3633; baseline 0 -24"><span class='ocrx_word' id='word_1_212' title='bbox 204 3565 267 3633; x_wconf 87' lang='lat' dir='ltr'><em>quo</em></span> <span class='ocrx_word' id='word_1_213' title='bbox 290 3543 351 3610; x_wconf 88' lang='lat' dir='ltr'><em>hae</em></span> <span class='ocrx_word' id='word_1_214' title='bbox 373 3565 422 3609; x_wconf 89' lang='lat' dir='ltr'><em>res</em></span> <span class='ocrx_word' id='word_1_215' title='bbox 445 3542 579 3631; x_wconf 75' lang='lat' dir='ltr'><em>agitatae</em></span> <span class='ocrx_word' id='word_1_216' title='bbox 602 3553 696 3620; x_wconf 84' lang='lat' dir='ltr'><em>sunt,</em></span> <span class='ocrx_word' id='word_1_217' title='bbox 721 3529 814 3606; x_wconf 81' lang='lat' dir='ltr'><em>docet</em></span> <span class='ocrx_word' id='word_1_218' title='bbox 835 3541 941 3610; x_wconf 79' lang='lat' dir='ltr'><em>Livius</em></span> <span class='ocrx_word' id='word_1_219' title='bbox 960 3539 1038 3607; x_wconf 88' lang='lat' dir='ltr'><em>ibid.</em></span> <span class='ocrx_word' id='word_1_220' title='bbox 1062 3563 1091 3606; x_wconf 88' lang='lat' dir='ltr'><em>e.</em></span> <span class='ocrx_word' id='word_1_221' title='bbox 1114 3545 1157 3608; x_wconf 81' lang='lat'><em>24</em></span> <span class='ocrx_word' id='word_1_222' title='bbox 1175 3552 1253 3606; x_wconf 83' lang='lat' dir='ltr'><em>extr.</em></span> <span class='ocrx_word' id='word_1_223' title='bbox 1275 3552 1306 3606; x_wconf 84' lang='lat' dir='ltr'><em>et</em></span> <span class='ocrx_word' id='word_1_224' title='bbox 1318 3563 1396 3632; x_wconf 87' lang='lat' dir='ltr'><em>sqq.</em></span> 
     </span>
     <span class='ocr_line' id='line_1_28' title="bbox 204 3659 1395 3751; baseline -0.001 -21"><span class='ocrx_word' id='word_1_225' title='bbox 204 3665 346 3730; x_wconf 79' lang='lat' dir='ltr'><em>Fuerunt</em></span> <span class='ocrx_word' id='word_1_226' title='bbox 379 3677 441 3729; x_wconf 83' lang='lat' dir='ltr'><em>tres</em></span> <span class='ocrx_word' id='word_1_227' title='bbox 477 3659 632 3729; x_wconf 80' lang='lat' dir='ltr'><em>Caecilius</em></span> <span class='ocrx_word' id='word_1_228' title='bbox 665 3660 829 3740; x_wconf 84' lang='lat' dir='ltr'><em>Metellus,</em></span> <span class='ocrx_word' id='word_1_229' title='bbox 862 3663 907 3729; x_wconf 85' lang='grc' dir='ltr'><em>Μ.</em></span> <span class='ocrx_word' id='word_1_230' title='bbox 934 3662 1070 3730; x_wconf 82' lang='lat' dir='ltr'><em>Baebius</em></span> <span class='ocrx_word' id='word_1_231' title='bbox 1100 3661 1303 3751; x_wconf 84' lang='lat' dir='ltr'><em>Tamphilus,</em></span> <span class='ocrx_word' id='word_1_232' title='bbox 1338 3661 1395 3729; x_wconf 91' lang='lat' dir='ltr'><em>Ti.</em></span> 
     </span>
     <span class='ocr_line' id='line_1_29' title="bbox 204 3780 1399 3874; baseline -0.002 -22"><span class='ocrx_word' id='word_1_233' title='bbox 204 3783 555 3874; x_wconf 83' lang='lat' dir='ltr'><em>Sempronius.Minime</em></span> <span class='ocrx_word' id='word_1_234' title='bbox 577 3783 674 3872; x_wconf 74' lang='lat' dir='ltr'><em>igitur</em></span> <span class='ocrx_word' id='word_1_235' title='bbox 695 3780 829 3848; x_wconf 91' lang='lat' dir='ltr'><em>dubium</em></span> <span class='ocrx_word' id='word_1_236' title='bbox 853 3795 919 3862; x_wconf 87' lang='lat' dir='ltr'><em>est,</em></span> <span class='ocrx_word' id='word_1_237' title='bbox 945 3783 1023 3872; x_wconf 88' lang='lat' dir='ltr'><em>quin</em></span> <span class='ocrx_word' id='word_1_238' title='bbox 1039 3781 1177 3848; x_wconf 83' lang='lat' dir='ltr'><em>Diodoro</em></span> <span class='ocrx_word' id='word_1_239' title='bbox 1195 3780 1399 3852; x_wconf 85' lang='lat' dir='ltr'><em>reddendum</em></span> 
     </span>
     <span class='ocr_line' id='line_1_30' title="bbox 204 3873 1400 3986; baseline 0.001 -16"><span class='ocrx_word' id='word_1_240' title='bbox 204 3907 262 3970; x_wconf 87' lang='lat' dir='ltr'><em>sit:</em></span> <span class='ocrx_word' id='word_1_241' title='bbox 296 3903 412 3986; x_wconf 76' lang='grc' dir='ltr'><strong><em>ἔκριναν</em></strong></span> <span class='ocrx_word' id='word_1_242' title='bbox 442 3903 599 3983; x_wconf 79' lang='grc' dir='ltr'><strong><em>μηδεμίαν</em></strong></span> <span class='ocrx_word' id='word_1_243' title='bbox 628 3905 677 3970; x_wconf 81' lang='grc' dir='ltr'><em>τί</em></span> <span class='ocrx_word' id='word_1_244' title='bbox 686 3919 751 3970; x_wconf 81' lang='grc' dir='ltr'><em>λον</em></span> <span class='ocrx_word' id='word_1_245' title='bbox 779 3907 882 3980; x_wconf 68' lang='grc' dir='ltr'><em>πλὴν</em></span> <span class='ocrx_word' id='word_1_246' title='bbox 904 3911 963 3970; x_wconf 79' lang='grc' dir='ltr'><em>τῶν</em></span> <span class='ocrx_word' id='word_1_247' title='bbox 986 3906 1072 3971; x_wconf 72' lang='grc' dir='ltr'><strong><em>κατὰ</em></strong></span> <span class='ocrx_word' id='word_1_248' title='bbox 1091 3873 1286 3972; x_wconf 80' lang='grc' dir='ltr'><strong><em>Μακεδονίαν</em></strong></span> <span class='ocrx_word' id='word_1_249' title='bbox 1305 3903 1400 3986; x_wconf 77' lang='grc' dir='ltr'><strong><em>ἔχειν</em></strong></span> 
     </span>
     <span class='ocr_line' id='line_1_31' title="bbox 204 4025 1400 4116; baseline -0.002 -22"><span class='ocrx_word' id='word_1_250' title='bbox 204 4026 365 4094; x_wconf 74' lang='grc' dir='ltr'><strong><em>Φίλνττον.</em></strong></span> <span class='ocrx_word' id='word_1_251' title='bbox 414 4025 567 4090; x_wconf 82' lang='lat' dir='ltr'><em>Voculam</em></span> <span class='ocrx_word' id='word_1_252' title='bbox 599 4026 679 4100; x_wconf 72' lang='lat' dir='ltr'><em>nain</em></span> <span class='ocrx_word' id='word_1_253' title='bbox 699 4039 769 4116; x_wconf 85' lang='lat' dir='ltr'><em>post</em></span> <span class='ocrx_word' id='word_1_254' title='bbox 788 4025 876 4091; x_wconf 74' lang='grc' dir='ltr'><strong><em>πόλιν</em></strong></span> <span class='ocrx_word' id='word_1_255' title='bbox 894 4037 1023 4116; x_wconf 87' lang='lat' dir='ltr'><em>propter</em></span> <span class='ocrx_word' id='word_1_256' title='bbox 1046 4025 1285 4092; x_wconf 81' lang='lat' dir='ltr'><em>similitudinem</em></span> <span class='ocrx_word' id='word_1_257' title='bbox 1306 4049 1325 4090; x_wconf 87' lang='lat' dir='ltr'><em>a</em></span> <span class='ocrx_word' id='word_1_258' title='bbox 1348 4026 1400 4092; x_wconf 89' lang='lat' dir='ltr'><em>li-</em></span> 
     </span>
     <span class='ocr_line' id='line_1_32' title="bbox 202 4145 1401 4238; baseline 0.002 -23"><span class='ocrx_word' id='word_1_259' title='bbox 202 4147 307 4215; x_wconf 85' lang='lat' dir='ltr'><em>brario</em></span> <span class='ocrx_word' id='word_1_260' title='bbox 342 4147 520 4237; x_wconf 85' lang='lat' dir='ltr'><em>semisopito</em></span> <span class='ocrx_word' id='word_1_261' title='bbox 554 4147 732 4238; x_wconf 80' lang='lat' dir='ltr'><em>neglectam</em></span> <span class='ocrx_word' id='word_1_262' title='bbox 766 4169 831 4213; x_wconf 88' lang='lat' dir='ltr'><em>esse</em></span> <span class='ocrx_word' id='word_1_263' title='bbox 864 4145 963 4227; x_wconf 82' lang='lat' dir='ltr'><em>rides3</em></span> <span class='ocrx_word' id='word_1_264' title='bbox 1003 4169 1065 4236; x_wconf 89' lang='lat' dir='ltr'><em>qua</em></span> <span class='ocrx_word' id='word_1_265' title='bbox 1096 4147 1136 4214; x_wconf 85' lang='lat' dir='ltr'><em>dc</em></span> <span class='ocrx_word' id='word_1_266' title='bbox 1169 4171 1203 4214; x_wconf 88' lang='lat' dir='ltr'><em>re</em></span> <span class='ocrx_word' id='word_1_267' title='bbox 1237 4149 1292 4214; x_wconf 83' lang='lat' dir='ltr'><em>diu</em></span> <span class='ocrx_word' id='word_1_268' title='bbox 1317 4163 1401 4218; x_wconf 82' lang='lat' dir='ltr'><em>aute</em></span> 
     </span>
     <span class='ocr_line' id='line_1_33' title="bbox 201 4267 1402 4362; baseline 0.002 -26"><span class='ocrx_word' id='word_1_269' title='bbox 201 4272 380 4362; x_wconf 86' lang='lat' dir='ltr'><em>inspectum</em></span> <span class='ocrx_word' id='word_1_270' title='bbox 403 4269 484 4336; x_wconf 80' lang='lat' dir='ltr'><em>Livii</em></span> <span class='ocrx_word' id='word_1_271' title='bbox 506 4269 612 4336; x_wconf 91' lang='lat' dir='ltr'><em>locum</em></span> <span class='ocrx_word' id='word_1_272' title='bbox 635 4268 714 4335; x_wconf 91' lang='lat' dir='ltr'><em>mihi</em></span> <span class='ocrx_word' id='word_1_273' title='bbox 737 4267 896 4346; x_wconf 81' lang='lat' dir='ltr'><em>constitit,</em></span> <span class='ocrx_word' id='word_1_274' title='bbox 922 4289 981 4334; x_wconf 87' lang='lat' dir='ltr'><em>nec</em></span> <span class='ocrx_word' id='word_1_275' title='bbox 1004 4268 1142 4347; x_wconf 75' lang='lat' dir='ltr'><em>mhum,</em></span> <span class='ocrx_word' id='word_1_276' title='bbox 1169 4293 1243 4335; x_wconf 87' lang='lat' dir='ltr'><em>nem</em></span> <span class='ocrx_word' id='word_1_277' title='bbox 1263 4269 1402 4360; x_wconf 77' lang='lat' dir='ltr'><em>vulgata</em></span> 
     </span>
     <span class='ocr_line' id='line_1_34' title="bbox 202 4389 1403 4483; baseline 0.003 -28"><span class='ocrx_word' id='word_1_278' title='bbox 202 4392 246 4455; x_wconf 81' lang='lat' dir='ltr'><em>ita</em></span> <span class='ocrx_word' id='word_1_279' title='bbox 273 4391 408 4458; x_wconf 87' lang='lat' dir='ltr'><em>absurda</em></span> <span class='ocrx_word' id='word_1_280' title='bbox 439 4403 505 4470; x_wconf 83' lang='lat' dir='ltr'><em>est,</em></span> <span class='ocrx_word' id='word_1_281' title='bbox 539 4403 574 4457; x_wconf 89' lang='lat' dir='ltr'><em>ut</em></span> <span class='ocrx_word' id='word_1_282' title='bbox 597 4391 701 4456; x_wconf 83' lang='lat' dir='ltr'><em>statim</em></span> <span class='ocrx_word' id='word_1_283' title='bbox 723 4389 800 4479; x_wconf 88' lang='lat' dir='ltr'><em>quid</em></span> <span class='ocrx_word' id='word_1_284' title='bbox 823 4389 1043 4479; x_wconf 87' lang='lat' dir='ltr'><em>reponendum</em></span> <span class='ocrx_word' id='word_1_285' title='bbox 1067 4390 1124 4469; x_wconf 89' lang='lat' dir='ltr'><em>sit,</em></span> <span class='ocrx_word' id='word_1_286' title='bbox 1148 4390 1268 4481; x_wconf 74' lang='lat' dir='ltr'><em>legenti</em></span> <span class='ocrx_word' id='word_1_287' title='bbox 1291 4413 1403 4483; x_wconf 84' lang='lat' dir='ltr'><em>uppa-</em></span> 
     </span>
     <span class='ocr_line' id='line_1_35' title="bbox 203 4509 1406 4598; baseline 0.006 -25"><span class='ocrx_word' id='word_1_288' title='bbox 203 4523 282 4574; x_wconf 81' lang='lat' dir='ltr'><em>reat.</em></span> <span class='ocrx_word' id='word_1_289' title='bbox 331 4509 480 4577; x_wconf 78' lang='lat' dir='ltr'><em>Ceterum</em></span> <span class='ocrx_word' id='word_1_290' title='bbox 511 4511 560 4576; x_wconf 84' lang='lat' dir='ltr'><em>vir</em></span> <span class='ocrx_word' id='word_1_291' title='bbox 593 4519 640 4574; x_wconf 87' lang='lat' dir='ltr'><em>est</em></span> <span class='ocrx_word' id='word_1_292' title='bbox 664 4509 747 4598; x_wconf 86' lang='lat' dir='ltr'><em>quod</em></span> <span class='ocrx_word' id='word_1_293' title='bbox 771 4532 938 4589; x_wconf 87' lang='lat' dir='ltr'><em>moneam,</em></span> <span class='ocrx_word' id='word_1_294' title='bbox 963 4509 1057 4576; x_wconf 84' lang='lat' dir='ltr'><em>rerba</em></span> <span class='ocrx_word' id='word_1_295' title='bbox 1088 4511 1217 4578; x_wconf 80' lang='lat' dir='ltr'><em>Diodori</em></span> <span class='ocrx_word' id='word_1_296' title='bbox 1241 4512 1281 4578; x_wconf 86' lang='lat' dir='ltr'><em>ab</em></span> <span class='ocrx_word' id='word_1_297' title='bbox 1304 4514 1406 4580; x_wconf 89' lang='lat' dir='ltr'><em>eclo-</em></span> 
     </span>
     <span class='ocr_line' id='line_1_36' title="bbox 204 4630 1404 4720; baseline 0.009 -25"><span class='ocrx_word' id='word_1_298' title='bbox 204 4631 289 4720; x_wconf 80' lang='lat' dir='ltr'><em>gario</em></span> <span class='ocrx_word' id='word_1_299' title='bbox 312 4630 502 4719; x_wconf 79' lang='lat' dir='ltr'><em>ineptissime</em></span> <span class='ocrx_word' id='word_1_300' title='bbox 527 4641 687 4696; x_wconf 82' lang='lat' dir='ltr'><em>contracta</em></span> <span class='ocrx_word' id='word_1_301' title='bbox 711 4655 776 4698; x_wconf 87' lang='lat' dir='ltr'><em>esse</em></span> <span class='ocrx_word' id='word_1_302' title='bbox 801 4632 832 4696; x_wconf 92' lang='lat' dir='ltr'><em>in</em></span> <span class='ocrx_word' id='word_1_303' title='bbox 857 4631 992 4699; x_wconf 84' lang='lat' dir='ltr'><em>brevius.</em></span> <span class='ocrx_word' id='word_1_304' title='bbox 1031 4631 1118 4699; x_wconf 87' lang='lat' dir='ltr'><em>Idem</em></span> <span class='ocrx_word' id='word_1_305' title='bbox 1133 4645 1164 4698; x_wconf 78' lang='lat' dir='ltr'><em>et</em></span> <span class='ocrx_word' id='word_1_306' title='bbox 1178 4633 1252 4698; x_wconf 88' lang='lat' dir='ltr'><em>aiibi</em></span> <span class='ocrx_word' id='word_1_307' title='bbox 1273 4636 1301 4700; x_wconf 84' lang='lat' dir='ltr'><em>ei</em></span> <span class='ocrx_word' id='word_1_308' title='bbox 1324 4659 1404 4706; x_wconf 86' lang='lat' dir='ltr'><em>mos</em></span> 
     </span>
    </p>
   </div>
   <div class='ocr_carea' id='block_1_3' title="bbox 0 0 1486 5002">
    <p class='ocr_par' dir='ltr' id='par_1_3' title="bbox 0 0 1486 5002">
     <span class='ocr_line' id='line_1_37' title="bbox 0 0 1486 5002; baseline 0 0"><span class='ocrx_word' id='word_1_309' title='bbox 0 0 1486 5002; x_wconf 95' lang='lat' dir='ltr'><em> </em></span> 
     </span>
    </p>
   </div>
  </div>
 </body>
</html>
