2990 5012
790 451 831 518 10

286 639 339 706 99.
361 641 430 705 ὅσοι
450 645 629 724 ἠπειρῶται
643 675 683 686 -
704 641 830 725 πολλὴν
848 647 906 724 τὴν
932 639 1192 726 διαμέλλησιν
1216 647 1273 724 τῆς
1292 644 1372 728 πρὸς

240 765 321 842 ἡμᾶς
349 754 495 838 φυλακῆς
521 755 771 838 ποιήσονται.
815 754 925 835 Qualis
950 754 1017 822 lere
1041 751 1202 821 sententia
1227 755 1371 842 postule·
1473 771 1474 788 ¹

241 881 309 948 tur,
336 867 480 936 sensisse
504 867 583 936 mihi
608 868 737 937 videlur
761 869 891 950 Portus,
916 869 991 937 licet
1015 868 1186 937 Graecilali
1212 869 1273 936 vim
1291 869 1372 938 inle-

242 995 292 1052 ral
306 983 569 1072 inlel'prelandot
587 987 761 1069 μέλλουσιν
779 990 922 1074 ἀκριβῶς
939 988 1164 1068 φυλάττεσθαι
1177 997 1270 1072 ἡμᾶς.
1287 984 1374 1075 Lege

241 1099 499 1186 διαμίλλησιν
522 1135 566 1148 -
590 1110 785 1184 ποιήσονται
811 1099 829 1166 i.
855 1119 882 1168 e.
912 1100 1192 1185 διαμιλλήσονται,
1219 1101 1373 1168 certatim·

241 1215 304 1280 sill
329 1214 488 1280 cavebunt
514 1234 536 1280 α
558 1214 659 1280 uobis.
700 1213 745 1281 Ne
769 1214 843 1302 quis
868 1215 1045 1301 σιαμιλλαν
1068 1216 1224 1303 postulet,
1246 1215 1284 1282 cl.
1302 1221 1373 1286 διά·
1474 1207 1475 1214 '

240 1339 358 1415 πείραν
372 1327 457 1407 sinu,
472 1349 589 1396 moneo
603 1333 751 1412 πείρασιν
766 1350 825 1418 pro
838 1340 953 1417 πεῖραν
964 1339 1113 1398 nostrum
1125 1331 1301 1399 dixisseVl.
1318 1335 1372 1400 56.

284 1444 333 1511 Vl.
353 1449 404 1512 11.
430 1444 566 1534 Supple:
592 1453 632 1513 τοί
648 1453 709 1532 γὰρ
731 1449 787 1514 διὰ
809 1448 996 1515 πλείστου
1013 1447 1227 1532 (πλεῖστον)
1252 1458 1373 1525 πάντες

240 1565 330 1646 ἰὀμιν
357 1566 603 1647 θαυμαζόμενα.

286 1679 326 1743 31
351 1681 368 1762 p
391 1679 422 1743 4.
448 1680 609 1758 ἐπίδειξιν
636 1687 690 1762 τῆς
717 1677 897 1764 [δυνάμεως
927 1679 998 1763 καί]
1024 1681 1183 1757 ἐξουσίας.

286 1796 329 1860 64
352 1801 431 1860 extr.
465 1788 579 1860 ε’πίτὸ
605 1803 825 1878 στράτευμα
850 1794 972 1862 ἐλθεῖν.
1004 1792 1090 1880 Lege
1114 1801 1318 1878 σταύρωμα
1342 1801 1375 1859 et

245 1929 319 1976 mox
343 1917 417 1998 post
441 1910 560 1996 ῥᾳδίοις
585 1926 736 1995 expunge
761 1916 797 1976 τὸ
823 1919 1014 1996 στράτευμα.

285 2027 326 2090 72
350 2027 367 2110 p
391 2027 421 2089 2.
446 2019 549 2088 Verba
573 2029 628 2088 καὶ
654 2029 690 2090 τὸ
716 2023 844 2106 πλῆθος
868 2032 933 2092 τῶν
959 2030 1150 2110 στρατηγῶν
1175 2031 1251 2088 sunl
1275 2019 1374 2088 inler-

248 2147 487 2228 prelamenluru
527 2135 673 2203 vocabuli
711 2139 926 2226 πολυαρχίαν.
973 2137 1093 2206 Vocula
1126 2145 1180 2206 καὶ
1209 2147 1283 2205 ante
1315 2148 1374 2224 τὴν

249 2255 454 2342 πολυαρχίαν
492 2251 575 2318 ualet
606 2251 708 2318 eliam
743 2251 985 2340 respondetque
1020 2253 1219 2342 praegressis
1251 2263 1310 2338 τὴν
1346 2255 1377 2320 δ’

248 2371 389 2447 ἀταξίαν
414 2369 555 2455 βλάψαι.

294 2486 335 2548 76
359 2487 376 2569 p
400 2485 430 2550 3.
455 2481 576 2571 Supple
599 2487 663 2551 ἀπὸ
688 2489 777 2568 σφῶν
803 2483 938 2568 (αὐτῶν)
958 2481 978 2548 i.
995 2502 1023 2550 e.
1040 2490 1154 2570 sponte
1177 2503 1248 2550 ruo.
1274 2479 1318 2550 Cl.
1338 2481 1374 2548 ll.

248 2603 310 2678 60,
335 2598 413 2665 Vlll.
436 2601 490 2666 47.

286 2714 350 2780 Vll.
375 2717 418 2780 49
442 2718 458 2800 p
483 2719 512 2780 1.
538 2713 640 2800 Lege:
667 2715 843 2799 (μᾶλλον)
870 2721 1063 2800 η’πρότερον
1082 2721 1271 2802 ἐθάρσησε
1290 2741 1378 2798 ιιρα-

241 2841 398 2914 τήσειν.
445 2827 489 2896 Cl.
514 2832 556 2893 47
581 2831 598 2914 p
623 2833 642 2894 2
667 2835 767 2904 extu,
792 2825 848 2892 ubi
872 2825 1037 2915 suspicor:
1065 2834 1219 2894 καὶτῶν
1240 2834 1378 2910 Σαρα-

242 2951 398 3014 ιιοσίων
425 2954 495 3021 ταῖς
519 2955 597 3024 γοῦν
621 2944 838 3020 ἐπελθουοαις
860 2948 955 3009 ναυσὶ
978 2951 1109 3026 κρατεῖν
1174 2939 1277 3026 Vulgo
1296 2938 1376 3006 scri-

240 3059 329 3128 bitur
364 3071 433 3127 τοὺ
469 3065 811 3142 στρατεύματος,
847 3055 935 3144 quod
971 3053 1049 3122 oriri
1086 3055 1193 3144 poluit
1226 3075 1265 3122 ex
1293 3055 1377 3120 male

243 3174 406 3243 intellecto
431 3171 625 3260 compendio
650 3169 797 3238 vocabuli
824 3174 1049 3254 Συρακοσίων.

289 3293 331 3357 52
356 3294 372 3376 ᾧ
397 3295 426 3356 2.
453 3296 487 3358 ἐν
510 3302 554 3374 τῷ
582 3290 696 3374 [κοίλῳ
717 3287 787 3372 καί]
807 3297 897 3373 μυχόν
922 3299 977 3354 τοῦ
998 3286 1140 3370 λιμένος.
1176 3283 1220 3352 Cf.
1245 3307 1273 3352 c.
1299 3289 1332 3350 4.

287 3403 364 3471 Vlll.
391 3407 443 3470 37.
467 3414 545 3490 μήτε
571 3405 855 3486 Λακεδαιμονίους
878 3410 955 3484 μήτε
984 3406 1057 3478 τούς
1081 3403 1267 3488 ξυμμάχους
1294 3402 1377 3485 [τῶν

242 3521 529 3606 Λακεδαιμονίαν]
548 3530 580 3585 el
599 3517 647 3584 sic
662 3537 735 3582 mox
752 3535 886 3604 quoque
903 3514 1088 3603 legendum.
1114 3513 1281 3582 Sexccnlis
1295 3513 1379 3583 locis

244 3631 461 3723 Thucyrlideis
476 3641 583 3720 polest
603 3628 821 3696 demonstrari
838 3628 917 3694 haec
936 3628 1092 3696 vocabola
1111 3649 1183 3696 esse
1200 3627 1348 3697 insiticia.

291 3751 331 3816 76
364 3752 381 3834 p
413 3753 443 3813 2.
477 3753 763 3814 ὑπετόπευον.
812 3743 847 3810 L.
876 3750 1135 3818 ὑπετόπουν.
1169 3745 1380 3835 depravatum

245 3863 468 3954 superscripto
493 3861 688 3948 glossemate
712 3865 920 3927 ὑπώπτευον.

292 3983 333 4046 86
357 3981 374 4064 ᾧ
399 3983 428 4044 1.
455 3979 707 4065 πρεσβευταί.
732 3972 867 4061 Semper
890 3972 963 4040 alibi
990 3973 1074 4040 Plur.
1092 3994 1181 4042 num.
1199 3978 1381 4064 πρέσβεις

255 4093 334 4162 dixit
357 4094 468 4172 Thuc,
494 4091 582 4179 quod
607 4089 636 4157 ei
661 4089 713 4156 hic
739 4109 872 4177 quoque
895 4089 1024 4157 reddas,

293 4212 333 4274 97
351 4212 367 4294 p
385 4212 413 4274 1.
442 4207 486 4272 Ex
506 4207 657 4273 hocloco
674 4205 802 4291 corrige
820 4203 996 4271 Diodorum
1021 4203 1099 4270 Xlll.
1118 4207 1160 4272 38
1182 4213 1218 4274 τὸ
1236 4219 1382 4294 σύστημα

248 4340 303 4408 τῆς
330 4325 498 4400 πολιτείας
524 4330 558 4389 ἐκ
585 4329 650 4388 τῶν
676 4323 865 4388 πολιτῶν
891 4331 1138 4404 συνεστήσαντο.
1175 4319 1207 4385 λι.
1232 4349 1384 4390 πεντα-

251 4438 487 4527 κισχιλίων.

728 4619 919 4630 -ι-ψ-
