2944 5002
767 345 809 406 66

193 535 385 601 substantivo
408 529 545 610 πίλεμος
562 529 775 619 coniungitur.
824 527 989 595 scribatur
1005 529 1120 620 igitur:
1142 565 1187 578 -
1207 521 1238 594 iu
1256 529 1383 613 ταχέως

193 656 362 740 προσεδόκα
386 709 402 742 *
431 705 439 720 .
464 661 527 724 ruis
550 651 582 718 δέ
605 652 670 717 ατί.

240 777 322 844 thid.
359 800 391 866 p.
427 779 470 841 66
508 797 550 839 rs.
588 777 627 838 5:
666 771 736 846 τοὺς
770 771 801 837 δὲ
835 772 908 854 πρὸς
944 773 1038 840 αὐτὸν
1061 773 1290 855 πρεσβεύοντας
1314 775 1383 840 ἐπί

195 895 429 980 Λυσιμάχειαν.
488 895 610 960 Immo:
652 894 711 968 είς
747 892 981 976 Λυσιμάχειαν.
1038 893 1093 959 Vs.
1133 899 1174 960 16
1205 895 1275 961 delo
1307 917 1386 960 cum

196 1017 359 1084 liindorfio
381 1017 584 1108 participium
605 1013 697 1080 ίντοιν
720 1015 754 1079 in
777 1014 900 1080 rcrbio:
929 1015 943 1080 δ
969 1014 1000 1079 δὲ
1026 1023 1209 1096 Φλαμινῖνος
1230 1015 1291 1099 ἔφη
1305 1016 1387 1080 δυοῖν

196 1138 394 1220 πραγμάτων
434 1135 551 1225 [ὄντων]
588 1137 623 1202 τί
653 1131 752 1218 ἕτερον
782 1136 826 1216 τῷ
853 1136 987 1214 βασιλεῖ
1014 1138 1069 1212 τίςν
1099 1135 1277 1215 σύγκλητον
1307 1159 1388 1214 συγ·

197 1283 319 1343 χωρειν.

579 1375 679 1444 ΑΒΝ.
707 1375 765 1442 ΑΒ
788 1376 872 1446 LIB.
898 1377 1018 1444 XXIX.

246 1623 300 1688 Fr.
334 1619 383 1686 111
411 1643 456 1685 rs.
490 1624 553 1685 15:
588 1618 631 1685 ut
663 1618 715 1684 καί
750 1620 820 1694 τοὺς
851 1617 1127 1695 πιποιιιιοίτας
1150 1618 1391 1701 αύτίνάπαρά·

200 1765 305 1809 σκευον
335 1740 409 1806 ὄντα
439 1739 491 1805 καί
520 1740 753 1815 πείσαντας
782 1741 833 1806 ἐπί
864 1743 920 1817 riu
947 1747 1005 1807 τῶν
1030 1742 1175 1806 Αἰτωλῶν
1195 1741 1392 1822 συμμαχίαν

200 1865 252 1931 τὸν
279 1863 416 1942 πύλεμον
442 1860 645 1927 ἐπανελέσθαι
669 1863 707 1926 δι’
730 1864 822 1942 iuris
845 1857 926 1944 είχε.
974 1860 1012 1928 in
1035 1859 1169 1927 eandem
1193 1859 1290 1926 incidi
1312 1883 1391 1926 cmn

201 1985 366 2051 Dindoriio
399 1978 612 2074 suspicionem
642 1995 858 2072 proponente:
897 1983 939 2049 διὸ
974 1983 1027 2048 καί
1062 1984 1132 2056 τοὺς
1167 1981 1392 2055 πεπεικέναι·

202 2105 417 2172 αὐτον-καί
442 2104 718 2170 πιστεύσαντα
738 2105 819 2177 κτὲ.;
840 2104 900 2168 nisi
920 2103 1005 2192 quod
1025 2104 1090 2193 ipse
1113 2103 1208 2168 simul
1218 2104 1252 2168 in
1265 2102 1390 2169 verbis:

202 2226 267 2292 έπί
291 2226 347 2299 τὴν
369 2231 428 2290 τῶν
448 2227 592 2290 Αίτωλῶν
604 2225 815 2306 συμμαχίαν,
842 2222 928 2312 (narn
948 2224 1102 2290 πιστεύειν
1123 2225 1177 2290 έπί
1187 2247 1216 2290 τι
1232 2225 1394 2290 Graccum
1458 2287 1459 2290 ,

203 2369 268 2412 non
299 2345 378 2433 τεὴ)
408 2343 512 2410 deleta
535 2343 766 2434 praepositione
791 2343 984 2410 Accusatiris
1007 2343 1134 2410 Datiros
1157 2345 1394 2412 substituendos

202 2489 269 2533 esse
299 2465 491 2555 suspicabar.
541 2465 645 2530 Etiam
670 2487 752 2554 quae
775 2463 869 2530 rerba
893 2463 962 2530 loco
986 2478 1091 2531 nostro
1114 2465 1328 2556 praecedunt,
1355 2479 1395 2532 ut
1458 2443 1459 2459 ³

204 2609 279 2653 sana
298 2587 380 2665 sint,
405 2585 543 2652 multum
568 2607 694 2652 vereor:
720 2584 780 2660 τάς
804 2585 836 2650 δέ
859 2585 893 2650 ἐκ
917 2593 971 2662 τῆς
995 2588 1106 2661 Ἀσίας
1134 2586 1277 2667 δυνάμεις
1301 2589 1394 2654 ὑστε·

202 2711 312 2794 ρούσας
348 2709 400 2774 καί
436 2710 506 2782 τοὺς
540 2709 697 2781 Αίτωλοὺς
728 2713 1036 2786 καταμελοῦνπας
1068 2708 1121 2774 καί
1145 2708 1317 2792 προφάσεις
1340 2711 1394 2775 rici

204 2831 422 2913 ποριζομένους.
469 2829 568 2894 Multo
592 2829 676 2895 enim
702 2828 817 2893 melius
839 2830 1013 2895 sententiae
1036 2829 1218 2896 conveniret
1241 2831 1275 2894 ni
1297 2829 1398 2897 fallor

205 2951 521 3029 καταμέλλοντας.
576 2949 624 3016 lie
658 2961 794 3039 utroque
827 2949 923 3014 uerbo
958 2951 1087 3016 confuso
1123 2951 1192 3016 ride
1227 2949 1397 3042 Schweig-

204 3072 331 3139 bauseri
358 3071 605 3137 adnotationem.
624 3070 663 3134 ad
694 3071 806 3159 Polyb.
840 3071 872 3152 i,
911 3076 973 3151 44,
1012 3078 1042 3138 1.
1092 3071 1128 3138 in
1158 3073 1195 3138 iis
1225 3094 1307 3161 quae
1343 3097 1398 3139 se-

207 3205 350 3286 quuntur
382 3193 405 3258 l.
439 3215 473 3258 n.
510 3192 631 3258 soloece
666 3192 832 3258 scribitur:
871 3194 923 3258 τὸν
954 3192 984 3258 δέ
1017 3193 1073 3274 πρὸ
1103 3194 1243 3259 τούτου
1274 3192 1398 3274 χρόνον.
1457 3229 1458 3288 3

208 3317 365 3384 Graecum
388 3325 451 3381 cst:
478 3314 529 3379 riu
553 3313 584 3377 δέ
607 3313 662 3394 τρο
686 3318 754 3379 τοῦ
778 3312 901 3396 χρόνον,
926 3313 1011 3402 quod
1034 3337 1177 3404 reponas.

254 3437 307 3501 Fr.
340 3434 385 3500 lv
416 3457 462 3500 rs.
497 3436 560 3498 27:
595 3434 638 3506 είς
663 3433 781 3516 φόβους
805 3434 858 3499 καί
883 3433 1044 3514 μεγάλους
1068 3435 1217 3510 κινδύνους
1242 3434 1397 3502 ἐνέπεσον.

206 3555 459 3636 συνηγωνισμένοι
494 3553 537 3634 τῷ
570 3553 703 3633 βασιλεῖ
734 3554 943 3620 έκτενέστατα
981 3558 1023 3626 είς
1058 3556 1187 3638 άπορίαν
1222 3556 1399 3623 ἐνέπιπτον.

209 3678 391 3748 Necessario
415 3673 645 3766 supplendum:
670 3675 924 3754 συνηγωνισμένοι
949 3676 1038 3764 (γάρ)
1064 3678 1107 3758 τῷ
1129 3677 1262 3756 βασιλεῖ
1281 3679 1346 3743 ατί.

256 3801 309 3865 ur.
341 3797 387 3863 ul
417 3819 461 3862 rs.
500 3800 559 3862 10:
593 3795 619 3861 οί
649 3795 706 3873 μέν
737 3797 800 3878 γάρ
824 3797 970 3875 σ’λίγου
993 3799 1206 3880 χρίματος
1230 3797 1402 3880 άύροίζουσι

210 3922 280 3994 τοὺς
316 3919 389 4000 ὑπέρ
421 3918 520 3982 αὐτῶν
542 3916 799 3990 κινδυνεύοντας.
849 3915 1061 3982 Grammatico
1083 3919 1222 4007 postulat
1243 3919 1402 3986 κινδυνεύ-

210 4063 347 4115 σοντας,
383 4036 542 4103 Grrecitas
577 4035 688 4114 ίλίγων
720 4034 903 4118 χρημάτων.
959 4039 1101 4123 Quorum
1132 4061 1274 4105 errorum
1307 4037 1405 4109 hunc

209 4159 378 4232 tribuerim
407 4155 582 4246 eclogario,
615 4177 690 4222 nam
723 4157 866 4224 similiter
888 4159 1040 4248 scriptum
1064 4159 1182 4226 ridebis
1206 4161 1277 4227 libr.
1304 4159 1406 4231 XXX

211 4287 250 4352 ir.
289 4285 352 4348 24:
390 4280 403 4342 ί
440 4277 471 4342 δὲ
504 4283 561 4343 τῶν
592 4285 743 4344 Γαλατῶν
777 4280 943 4359 ἡγούμενος
966 4283 1176 4361 συμφωνήσας
1199 4282 1305 4360 μισθὸν
1329 4283 1404 4364 ᾔτει

213 4403 326 4470 τακτίν
360 4403 428 4465 τοῦ
461 4397 701 4478 σύμπαντος
724 4401 938 4482 χρίματος
962 4403 1005 4472 είς
1028 4403 1217 4470 πεντακόσιοι
1249 4402 1405 4472 τάλαντα

211 4523 378 4603 γινομένου.
