2944 5002
651 309 691 372 77

81 495 163 563 Nam
190 519 223 586 p.
258 497 301 562 79
330 517 374 560 rs.
406 498 447 574 2,
471 517 551 585 pro:
577 501 724 578 παρορῶσι
748 494 780 560 δὲ
802 493 837 560 τὸ
861 492 1007 576 μάλιστα
1030 495 1261 576 accennare·

83 639 162 692 ros:
191 617 417 708 praetulerim:
448 617 483 682 τὸ
510 616 641 696 μάλιστ’
672 619 866 694 οὶιαριιαῖου,
915 615 963 683 lh.
991 639 1032 681 rs.
1047 622 1076 682 ·3
1097 617 1264 707 supplere-

82 739 159 804 rim:
179 739 333 810 dilaceror
352 738 410 816 μὲν
428 733 478 802 οὖν
504 736 545 825 (ὅ)
570 733 747 816 Ἀμύντου,
769 759 833 800 non
856 737 942 800 eninr
965 737 1122 802 omittitur
1145 739 1263 802 articu-

82 857 130 922 lus
152 867 375 946 praeterquam
399 855 608 923 inscribendi
631 879 764 946 genere,
788 869 824 922 ut
846 857 890 922 ira
912 857 1037 936 dicam,
1061 858 1177 924 forensi
1200 857 1263 923 sire

84 977 204 1042 curiali.
253 976 375 1044 Deinde
397 979 447 1044 rix
471 1001 545 1043 sana
568 990 641 1043 sunt
664 1001 745 1068 quae
767 989 943 1067 sequuntur
965 1001 1010 1043 rs.
1042 983 1082 1044 4:
1103 983 1264 1058 τοιγαροῡυ

87 1099 115 1162 εἰι
146 1106 209 1169 τοῖς
240 1098 483 1180 ἐλαχίστοις
514 1105 571 1163 τοῖιν
602 1098 688 1163 κατὰ
718 1097 774 1172 τὴν
796 1097 942 1178 Εὐρώταο
964 1097 1086 1176 ἐγένετο
1109 1098 1265 1178 βασιλέων

86 1219 135 1282 καὶ
175 1217 305 1296 δύναμιν
347 1217 516 1294 κατέλιπε,
548 1219 586 1284 δι’
618 1214 652 1294 ἧς
687 1220 701 1283 ὃ
736 1217 951 1298 διαδεξαμενος
986 1217 1185 1300 Ἀλέξανδρος
1218 1255 1265 1268 -

87 1337 329 1418 κατεστρέψατο.
374 1336 495 1405 Gallide
514 1339 608 1405 vertit
631 1339 802 1405 Mulieres:
832 1362 941 1428 quare
965 1343 1027 1429 qui
1050 1345 1088 1405 ιά
1110 1343 1266 1404 minimis

86 1458 250 1549 Europae
272 1459 413 1548 regibus
436 1467 542 1523 antea
566 1459 788 1538 censebatur,
814 1464 907 1524 satie
931 1485 1091 1550 maguam
1113 1465 1266 1526 moriens

82 1566 294 1667 potestate&
314 1579 462 1666 reliquit
485 1587 549 1644 cet.
587 1577 650 1644 Sed
672 1601 782 1644 rereor
804 1591 840 1644 ut
862 1581 906 1646 sic
931 1580 1051 1647 Graeca
1067 1581 1267 1671 interpretari

86 1699 187 1780 licea13
223 1721 299 1764 nam
332 1702 388 1788 qui
420 1699 563 1790 religiose
592 1699 685 1765 vertit
713 1699 845 1779 Latine,
871 1700 904 1764 in
927 1699 1013 1766 hunc
1035 1699 1165 1765 modum
1189 1701 1267 1766 scri-

87 1819 157 1886 bere
186 1819 298 1886 debet:
323 1817 450 1907 Itaque
475 1819 679 1884 censebatur
703 1822 741 1882 ιἰι
763 1822 918 1884 minimis
941 1820 1109 1910 Europae
1131 1822 1266 1910 regulis

88 1949 120 2006 et
145 1943 343 2031 potentiam
377 1941 544 2028 reliquit,
581 1963 650 2027 qua
684 1947 747 2004 cet.
798 1939 885 2024 Quae
918 1939 1048 2005 minime
1079 1962 1152 2006 rara
1175 1953 1265 2020 sunt,

89 2085 159 2126 narn
190 2061 270 2127 scira
300 2059 452 2149 pervelim
487 2060 616 2148 quinam
654 2059 799 2149 Europae
829 2081 882 2125 rex
903 2060 999 2126 fuerit
1022 2083 1059 2126 ea
1081 2073 1267 2150 tempestate

92 2181 233 2272 lhilippo
262 2182 431 2272 potentior.
482 2181 587 2267 Quare
622 2181 845 2270 exspectaveris
880 2183 1003 2271 polius:
1041 2187 1200 2263 τοιγαροῦν
1236 2183 1266 2246 ἐι

92 2310 148 2374 τοῖς
169 2303 501 2382 asylo-rotamur
528 2313 563 2366 ut
586 2301 701 2390 legitur
722 2300 761 2366 de
785 2300 895 2367 ecdem
919 2300 1264 2393 PhilippoXV1295:

93 2423 239 2498 Φίλα-τοο
268 2423 327 2502 μὲν
359 2420 407 2489 οὗυ
429 2422 631 2502 μέγιστος
655 2422 816 2502 γενόμενος
839 2413 897 2488 τῶι
917 2425 985 2488 καθ’
1010 2425 1115 2490 ἑαυτὸν
1140 2425 1190 2491 ἐπὶ
1211 2433 1267 2501 τῆς

93 2545 231 2625 Εὐρώτας
262 2542 420 2624 βασιλέων
447 2544 510 2608 xri.
560 2541 701 2608 Eandem
723 2565 797 2608 rero
818 2544 1006 2608 sententiam
1029 2544 1157 2611 sonasse
1179 2567 1268 2612 more
1323 2559 1338 2582 ¹·

94 2663 213 2730 Graecis
235 2663 441 2754 perfamiliari
460 2664 603 2753 negative
619 2663 791 2753 exprimere
812 2662 926 2728 maluit
944 2663 1097 2730 Diodorus
1116 2677 1148 2730 et
1168 2666 1267 2755 scrip-

94 2785 145 2850 sit:
180 2789 342 2866 τοιγαροῦν
376 2786 441 2849 οὐκ
473 2786 504 2849 ἐν
534 2793 596 2858 τοῖς
629 2785 811 2867 ἐλαχίστοις
841 2791 899 2850 τῶν
930 2784 1016 2850 κατὰ
1046 2786 1100 2860 τὴν
1121 2787 1268 2868 Εὐρώταο

93 2905 206 2982 ἐγένετο
236 2905 403 2985 βασιλέοιν.
452 2903 505 2971 Sic
536 2905 600 2970 iam
632 2905 733 2971 Maius
764 2905 804 2971 de
834 2906 1015 2971 coniectura
1037 2904 1197 2986 ediderat,
1222 2909 1269 2973 rir

94 3025 153 3092 sine
175 3026 318 3116 exemplo
343 3026 462 3092 Graece
485 3025 648 3113 indoctus,
673 3025 727 3092 sed
748 3039 783 3090 ut
795 3026 994 3115 popularium
1005 3027 1149 3116 plerique
1161 3041 1269 3094 mente

94 3147 160 3228 salis
192 3145 334 3224 validus,
371 3147 423 3212 cui
458 3168 522 3236 quc
558 3147 680 3237 saepius
714 3158 843 3236 propter
876 3146 1033 3212 insciliam
1066 3146 1207 3226 fallitur,
1231 3169 1269 3212 eo

93 3268 184 3355 magis
208 3289 317 3333 rerum
340 3265 461 3332 ridenti
484 3266 738 3356 obtemperatum
759 3266 908 3356 oportuit.

135 3385 249 3454 cosan
280 3386 361 3452 nihil
392 3388 523 3465 certius,
554 3409 649 3476 ιριιυιιι
673 3409 718 3452 rs.
745 3391 765 3452 9
788 3387 936 3454 excidisse
958 3387 1180 3476 participium,
1205 3409 1268 3476 quo

94 3507 198 3574 omisso
229 3508 330 3574 oratio
363 3508 450 3572 omni
479 3529 571 3572 sensu
602 3519 699 3573 caret.
747 3507 819 3573 Non
846 3507 939 3573 facile
964 3507 1071 3572 locum
1094 3505 1269 3574 evidentius

94 3629 220 3718 corrigas
244 3651 340 3718 ιριιυιιι
360 3626 578 3694 rescribendo:
604 3627 738 3708 Περσεὺς
758 3627 784 3692 δ’
807 3625 912 3709 ἔχου
933 3625 1104 3708 χρημάτων
1122 3651 1269 3708 τετορευ-

95 3747 184 3824 μὲιαυ
217 3749 331 3826 πλῆθος
354 3749 438 3826 κτλ,
461 3749 577 3814 inserto
599 3749 764 3838 participio
787 3747 883 3830 ἔχων,
912 3747 996 3836 quod
1018 3753 1269 3830 ταχυγραφικῶο

94 3867 238 3955 scriplum
265 3867 299 3932 ia
323 3867 414 3934 codd.
428 3845 525 3949 :252
549 3890 644 3957 quam
663 3867 756 3933 facile
780 3877 852 3932 ante
874 3864 1061 3948 χρημάτων,
1084 3869 1268 3956 praesertim

93 4007 264 4076 praegressa
293 3987 406 4056 rocula
432 3987 466 4052 δὲ
497 3987 638 4054 excidere
668 3987 826 4077 potuerit,
851 3985 903 4052 ecl
927 3989 1038 4068 τυφλῷ
1062 3987 1161 4064 δῆλον.
1209 3989 1267 4056 Se·

94 4120 228 4193 quanam
245 4105 344 4173 haec:
372 4105 422 4174 esu
440 4131 476 4174 τε
495 4107 554 4182 τας
578 4109 769 4188 τατριιιοὶς
792 4107 844 4173 καὶ
868 4107 926 4180 τοὶς
950 4105 1031 4179 ἰδίας
1053 4108 1265 4188 παρασκευας.

94 4224 259 4316 Aliquanto
282 4228 394 4298 melius
413 4228 571 4318 legeretur
592 4228 756 4312 πατρῴας,
778 4227 864 4318 quud
886 4227 1041 4294 tralaticio
1064 4251 1169 4294 errore
1193 4249 1266 4292 cum

90 4345 211 4430 τοὶτριος
243 4361 276 4416 et
306 4349 453 4431 πατρικὸς
485 4349 635 4416 conlundi
666 4349 763 4428 solet,
793 4349 837 4414 ita
866 4361 902 4414 ut
934 4349 1009 4438 quid
1041 4349 1159 4437 ubique
1190 4349 1267 4413 scri·

91 4467 224 4536 bendum
255 4471 311 4548 sil,
347 4493 364 4534 a
395 4481 500 4536 nostro
535 4471 652 4537 iudicio
675 4470 788 4539 debeat
811 4469 959 4561 pendere.
1009 4467 1129 4535 Deinde
1152 4491 1196 4534 rs.
1226 4475 1268 4537 13

89 4611 143 4676 pro
172 4591 406 4674 πλουσιωτέρους
434 4593 632 4682 reponendus
663 4593 868 4682 superlativus
900 4591 931 4656 in
962 4589 1029 4654 his:
1061 4591 1131 4663 τοὺς
1156 4591 1266 4656 ἑαυτοῦ
