2990 5012
691 431 732 495 ot

147 641 278 688 versum
314 639 386 688 esse
420 619 744 708 interpretamentum
779 618 953 686 verborum
986 625 1110 690 εὐνοεῖν
1138 629 1274 708 ὁμοίως,

149 755 289 822 quorum
321 737 462 824 leporem
500 735 562 803 isto
593 734 814 802 additamento
850 734 1106 823 haudquaquam
1143 739 1272 824 augeri,
1360 811 1366 822 .

149 850 222 938 quis
247 861 296 916 est
322 850 401 938 quin
426 849 569 917 monitus
594 851 707 917 saltem
731 849 896 938 intellegat
908 850 932 913 λ·

195 965 240 1031 lb.
265 986 310 1031 rs.
338 968 442 1031 1415:

286 1083 419 1148 κλάουσι
444 1082 559 1157 παῖδος
584 1082 710 1165 πατέρα
735 1080 763 1146 d'
787 1083 823 1146 οι)
849 1081 959 1149 κλάειν
986 1084 1106 1158 δοκεῖς

201 1193 351 1261 »Parodia
377 1213 491 1260 versus
516 1191 682 1280 Euripidei
713 1192 783 1258 Aa.
809 1195 891 1258 619:
927 1199 1048 1282 χαίριις
1078 1201 1162 1281 ὁρῶν
1195 1207 1275 1282 φώς,

152 1313 279 1395 πατέρα
312 1311 341 1376 δ’
367 1313 403 1378 οὐ
433 1314 557 1398 χαίρειν
589 1310 708 1384 δοκεῖς
742 1307 829 1374 unde
861 1308 979 1375 sactum
1015 1319 1049 1376 ut
1081 1311 1279 1378 tetrametris

153 1425 315 1492 senarium
341 1423 587 1492 innascueritf’
622 1423 667 1490 lta
693 1421 831 1490 Dindort'
850 1422 883 1490 in
908 1423 1083 1492 novissima
1109 1437 1278 1514 poetarum

154 1540 359 1608 scenicorum
383 1538 524 1606 editione
560 1539 599 1604 dt
622 1539 735 1604 vellem
762 1537 809 1604 vir
832 1540 1019 1626 praeclarus
1040 1540 1148 1629 potius
1172 1553 1281 1610 osten-

154 1653 271 1732 disset,
297 1673 362 1741 quo
387 1673 486 1719 sensu
503 1652 643 1740 gaudeat
668 1651 718 1718 ida
745 1651 896 1739 parodia;
922 1673 986 1720 non
1011 1655 1116 1733 enim,
1146 1656 1221 1724 licet
1245 1677 1282 1724 aa

156 1785 206 1832 res
232 1767 379 1855 exempto
404 1777 529 1844 eareat,
554 1765 719 1832 haererem
747 1765 778 1831 in
796 1765 923 1834 senario
948 1767 1063 1835 mediis
1090 1768 1282 1858 interposito

155 1881 348 1960 octonariis,
374 1882 471 1950 modo
495 1879 642 1949 trimetro
659 1879 896 1969 Aristophaneo
922 1879 1045 1970 integra
1063 1894 1095 1950 et
1117 1884 1283 1952 contextui

156 2009 227 2085 apta
253 1996 475 2065 contineretur
499 1997 675 2075 sententia,
713 1995 987 2085 quemadmodum
1013 1997 1202 2066 continetur
1225 1999 1284 2067 tri·

156 2123 261 2179 metro
302 2111 488 2200 Euripideo.
544 2110 734 2198 Requiritur
770 2110 873 2189 enim,
917 2123 952 2178 ut
987 2112 1144 2192 arbitror,
1183 2115 1282 2183 haece

158 2226 334 2294 sententia:
368 2225 511 2294 Plorant
531 2227 611 2313 filii,
642 2234 676 2292 nt
706 2226 803 2313 patri
829 2245 894 2292 κοιι
926 2227 1118 2314 plorandum
1152 2231 1283 2296 aemes?

158 2361 242 2431 quae
273 2340 403 2408 Graecis
431 2362 496 2408 unu
527 2341 623 2408 inerit
653 2341 712 2408 nisi
743 2339 894 2408 restituto
927 2351 1116 2410 tetrametro
1150 2344 1189 2410 ad
1223 2343 1283 2411 hor

159 2458 359 2546 exemplum:

162 2589 166 2594 ⁴
205 2573 338 2640 κλάουσι
364 2575 494 2650 παῖδος,
520 2575 645 2656 πατέρα
667 2571 697 2638 d'
715 2573 752 2638 οὐ
770 2573 881 2640 κλάειν
901 2573 1007 2648 δοκοῖς
1030 2574 1286 2660 (προσήκειν).

205 2685 436 2754 Lustsrntrna
469 2705 516 2752 vs.
543 2689 605 2750 217
640 2695 671 2750 et
706 2689 770 2753 218
804 2705 863 2774 pro
894 2691 1070 2773 ἀταυρώτη
1095 2687 1287 2757 restituatur

160 2803 261 2870 forma
286 2801 469 2869 eommunis
493 2806 691 2886 ἀταύρωτος.
741 2799 785 2866 dt.
813 2801 927 2866 tiesrh.
953 2803 1063 2887 rigam.
1091 2803 1166 2869 251.

205 2917 250 2984 lb.
275 2911 351 2982 371'
365 2936 454 3003 sqq.:

163 3029 222 3098 Ch.
245 3049 311 3097 sert.
337 3036 367 3096 τί
392 3030 435 3110 d',
460 3025 485 3094 ὦ
506 3039 592 3108 θοοῖς
610 3035 721 3116 ἐχθρά,
748 3033 784 3094 σι)
802 3028 886 3113 δοῦρ’
905 3031 987 3116 ὕδωρ
1003 3025 1111 3116 ι”χουσ’
1127 3033 1288 3114 οἷφίκουῐ
1390 3095 1395 3106 ,

164 3143 315 3226 Clamatl.
336 3151 367 3212 τί
392 3147 446 3213 tat
472 3151 508 3212 mi
532 3157 615 3230 πῦρ,
645 3139 670 3208 ὦ
695 3150 803 3232 τύμβ’,
831 3147 928 3231 λ’χιονι
952 3151 995 3221 ὥς
1020 3149 1140 3213 σαυτόν
1166 3149 1290 3229 ἐμπυ-

1054 3251 1245 3343 'aedoeon'

165 3487 315 3556 clemoi-
334 3492 396 3570 ἐγὼ
411 3490 444 3553 δὲ
459 3486 488 3570 γ’
506 3492 573 3555 ἳνα
599 3494 657 3570 τὴν
674 3493 732 3568 σὴν
746 3493 854 3571 πυρὰν
873 3496 975 3572 τούτῳ
993 3491 1291 3574 κατασβέσαιμι.

207 3603 288 3684 Quid
314 3601 433 3670 Graeca
459 3598 603 3689 syntaxis
620 3598 777 3688 postulet,
795 3618 860 3666 non
885 3598 977 3666 tatuit
998 3598 1190 3667 Meinekium
1216 3621 1293 3668 eon-

164 3718 327 3787 iieientem
359 3723 541 3804 ὑφάψαιν
580 3735 638 3802 pro
661 3719 793 3800 ὑφάψω.
841 3715 880 3780 dt
912 3714 1123 3780 rarissimum
1155 3711 1292 3802 Optativi

164 3838 300 3904 t'ormam
325 3832 357 3898 h.
383 3832 402 3896 1.
428 3831 503 3897 oiim
538 3831 656 3897 lectum
690 3829 789 3896 fuisse
822 3849 937 3915 parum
969 3828 1066 3895 habet
1101 3848 1153 3895 me
1187 3827 1294 3896 iudice

163 3946 416 4040 probabilitatis
442 3945 553 4032 itaque
577 3944 785 4012 verisimilius
810 3943 913 4022 duco,
933 3944 1021 4030 quod
1047 3943 1296 4038 sexcenties-aa·

163 4063 258 4142 cidit,
284 4060 408 4129 scribae
434 4061 520 4127 huuc
546 4079 676 4126 versum
695 4056 838 4126 exaranti
862 4058 975 4125 oeulos
996 4057 1164 4125 abemasse
1188 4057 1227 4124 ad
1247 4079 1292 4124 vs

164 4187 356 4264 sequentem
381 4193 522 4260 eumque
546 4181 613 4242 tva
640 4171 849 4240 substituisse
871 4191 929 4261 pro
953 4179 1018 4250 ως,
1046 4191 1111 4259 quo
1135 4170 1219 4237 sacto
1239 4191 1295 4238 ne-

165 4312 257 4358 eesse
282 4300 351 4358 erut
373 4295 541 4376 ὑφάψαι
567 4299 693 4354 mutare
718 4286 750 4353 in
778 4293 921 4374 ὑφάψω.
972 4287 1093 4373 Nempe
1120 4285 1293 4373 genuinam

165 4405 336 4474 tectionem
362 4404 445 4471 hane
469 4423 541 4470 esse
565 4403 734 4491 suspicor:

169 4519 226 4588 Ch.
249 4541 315 4588 sert.
342 4523 405 4604 ἐγὼ
429 4525 489 4606 μὲν
516 4524 563 4598 ὠς
587 4529 685 4604 νήσας
707 4522 816 4608 πυρὰν
842 4523 898 4598 τὰς
916 4522 972 4595 σάς
996 4518 1094 4602 φίλας
1116 4523 1293 4605 ὑφάψαι.

1111 4633 1162 4700 4ο
