2946 5014
772 325 837 386 208

209 514 384 603 apparebit.
443 512 559 577 Verum
598 511 675 577 haec
709 511 872 578 hactenus.
923 510 1021 575 Facili
1064 512 1189 599 negotio
1228 515 1395 605 corrigitur

210 657 282 722 pars
318 635 427 702 saltem
462 635 635 698 sententiae
672 655 735 699 non
771 633 843 698 satis
878 631 1061 722 expeditae,
1098 655 1179 722 quae
1213 636 1247 699 in
1280 637 1397 701 ricinia

209 754 313 822 editur
342 757 375 821 in
407 757 493 822 hunc
524 754 673 820 modum:
705 758 745 827 ως
777 753 814 820 θον
844 755 950 836 αρχόος
983 754 1199 834 ὑποδησάμενος
1231 758 1283 822 καί
1309 759 1396 836 μετόν

207 882 329 941 πολλῶν
372 876 424 942 καὶ
468 875 693 958 διεφθαρμένων
737 880 928 955 στρατιωτῶν
972 875 1043 956 πρὸς
1078 875 1113 940 τό
1151 885 1297 955 πολεμεῖν
1330 887 1396 951 τοῖς

208 996 398 1078 εὐεργέταις.
445 995 601 1062 Videlicet
629 996 857 1062 substantirum
880 1001 1072 1077 στρατιωτῶν
1096 996 1281 1086 absorpsisse
1305 999 1394 1064 ride-

207 1129 259 1182 tur
282 1119 485 1208 participium
510 1117 569 1183 ίθν.
625 1115 674 1182 lb.
701 1141 745 1183 rs.
773 1123 815 1183 tu
839 1118 975 1184 seribere
997 1118 1128 1185 malim:
1155 1121 1395 1191 συνετώτατος

204 1239 231 1304 δ’
256 1240 295 1304 ὢν
326 1239 353 1327 (ό
377 1241 519 1320 εὐνοῦχος
545 1237 627 1326 soil.)
652 1240 738 1304 κατόν
766 1238 862 1314 πόδας
889 1241 954 1304 κτὲ.
978 1261 1035 1329 pro
1059 1237 1284 1320 συνετώτερος
1308 1241 1394 1318 ιιτέ.,

205 1372 237 1423 at
260 1380 332 1423 mox
356 1360 409 1425 καί
429 1360 508 1435 δῆτα
523 1362 599 1438 γυνή
623 1358 713 1449 (τις),
735 1359 839 1425 addito
855 1361 1041 1450 pronomine
1052 1359 1229 1426 indefinito.
1266 1359 1390 1426 Ileiude

204 1478 256 1544 δια
286 1479 495 1558 καθειμένον
511 1480 667 1562 ἀνθρώπων
698 1503 738 1544 un
769 1481 844 1546 ferri
866 1483 963 1572 possit
975 1481 1106 1546 dubito.
1157 1481 1392 1570 Exspectareris
1424 1468 1432 1481 ⁸

203 1599 289 1664 enirn
321 1599 359 1664 δι’
390 1599 565 1683 ὑφειμένον
598 1601 796 1681 ἀνθρώπων
787 1625 810 1666 r.
842 1625 872 1667 e.
896 1625 967 1692 per
994 1604 1145 1666 homines
1170 1601 1389 1666 subarctatus.

203 1717 389 1785 Notissimus
412 1733 459 1785 est
481 1743 587 1786 versus
612 1719 837 1810 Sophocleus
829 1745 861 1786 rn
888 1721 1008 1812 Oedipo
1033 1722 1138 1811 Rege:

474 1841 577 1924 θφεις
602 1839 706 1920 μοίγον
730 1843 850 1909 τοιόνδε
847 1866 1026 1925 μνχαυορρ
1012 1843 1120 1926 ριέφον.

203 1959 343 2026 Tandem
375 1961 432 2025 sub
464 1962 561 2027 finem
587 1962 669 2040 loci,
701 1985 797 2052 quern
820 1976 1011 2042 tractamus,
1040 1963 1200 2028 malesana
1223 1975 1295 2028 sunt
1316 1985 1391 2028 rer-

200 2081 260 2146 ba:
288 2081 339 2146 καὶ
365 2081 378 2144 ό
401 2081 458 2160 μέν
482 2083 589 2148 ἑαυτόν
613 2085 827 2160 μανικώτατον
848 2085 901 2150 καὶ
926 2085 976 2148 τόν
999 2086 1142 2166 εὐνοῦχον
1159 2084 1391 2167 Φρονιμιότατον

201 2200 335 2266 ἔκειτο
370 2208 544 2282 μαρτυρῶν,
585 2203 688 2279 ἡλίκου
723 2203 787 2269 ε’στδ
826 2207 861 2270 τὸ
898 2211 953 2279 τῆς
987 2204 1176 2286 ἀχαριστίας
1211 2203 1296 2284 παρόν
1332 2205 1390 2287 θεῷ

201 2321 358 2400 έγκλιιμα.
406 2321 604 2388 Νἰσδιιιδιιίυν
632 2337 704 2390 ante
736 2323 830 2390 ἔκειτο
862 2323 1063 2389 inserendum
1087 2335 1178 2412 putat
1200 2321 1387 2401 ἀποδείξας,

199 2442 328 2508 fortasse
352 2453 448 2508 reete.

245 2563 319 2654 Pag.
348 2561 429 2642 45¹³,
453 2565 492 2628 fr.
521 2568 563 2630 72
588 2589 632 2630 vs.
663 2571 701 2630 4:
728 2565 817 2645 μέγα
841 2567 875 2640 δή
895 2589 924 2631 τι
945 2567 996 2631 καί
1018 2567 1090 2646 ὑπὲρ
1110 2563 1237 2646 ἄνδρας
1253 2566 1387 2647 ἐφρόνει.

199 2683 308 2749 Malim
341 2684 413 2764 ὑπὲρ
440 2683 512 2766 όινδρ
520 2711 553 2752 α.
603 2686 649 2751 Ile
681 2685 834 2750 industria
865 2698 971 2750 autern
1002 2687 1046 2750 sic
1069 2686 1156 2774 loqui
1181 2685 1303 2752 ridetur
1324 2709 1387 2774 pro

199 2805 272 2885 ὑπὲρ
315 2802 481 2886 ἄνθρωπον,
526 2807 600 2895 quia
643 2829 743 2872 sermo
783 2817 830 2870 est
865 2806 903 2870 de
939 2805 1106 2884 eunucho,
1143 2829 1237 2896 quem
1272 2821 1387 2872 auctor
1461 2881 1462 2884 ρ

198 2923 317 2988 irridet.

242 3045 315 3135 Peg.
354 3049 433 3126 46¹,
466 3048 505 3113 lr.
537 3053 579 3113 73
613 3071 657 3113 rs.
691 3052 731 3112 9:
774 3048 840 3113 ἐπεὶ
880 3048 981 3122 ἤκουον
1017 3049 1068 3112 καί
1104 3046 1384 3126 συνεπυνθανόμνρυ

195 3167 260 3232 κτὲ.
308 3166 509 3256 Legendum:
537 3168 589 3232 καί
614 3167 832 3246 ἐπυνθανόμην.

240 3286 317 3376 Pag.
352 3287 432 3366 46¹³,
465 3288 508 3352 ib.
535 3311 579 3352 rs.
607 3294 646 3352 7:
673 3290 749 3354 αλλ’
773 3288 1008 3368 ἐξαγγέλλει
1032 3315 1071 3368 γε
1095 3291 1180 3355 αὐτόν
1203 3291 1266 3354 κτὲ.
1312 3289 1383 3354 Ne-

193 3409 362 3474 cessarium
391 3421 437 3474 est
468 3409 541 3474 Fut.
572 3407 787 3488 έξαγγελεῖ.
835 3411 883 3475 lb.
910 3433 954 3476 rs.
980 3414 1017 3474 9:
1046 3410 1098 3476 καί
1120 3411 1163 3476 τόν
1185 3411 1253 3476 καθ’
1277 3409 1384 3485 ἡδονὴν

193 3523 321 3603 ἕνἰαστος
355 3529 464 3594 κατόν
495 3528 643 3609 βούλησιν
666 3531 901 3596 θιπέστειλε.
949 3531 986 3597 Iu
1011 3534 1120 3620 quovis
1147 3531 1207 3596 alio
1229 3531 1383 3619 scriptore

192 3649 345 3715 vocabula
380 3651 465 3716 κατόν
499 3651 646 3730 βοόλνσιν
678 3665 787 3742 utpote
816 3654 1134 3742 interpretamentum
1163 3649 1383 3742 praecedentis

192 3769 346 3836 formulae
380 3773 458 3860 καθ’,
482 3773 584 3849 ἡδονὴν
618 3773 789 3840 delendum
824 3797 889 3839 esse
926 3773 1154 3840 existimarem:
1192 3773 1225 3838 in
1250 3785 1379 3851 nostro,

193 3892 309 3979 quippe
351 3893 402 3956 cui
444 3895 487 3958 τόν
532 3893 702 3973 ίσοδιίναμα
736 3894 900 3985 placeant,
937 3896 1036 3959 tutius
1074 3893 1196 3960 ridetur
1229 3893 1382 3982 amplecti

193 4008 327 4076 Bekkeri
361 4017 548 4080 sententiam
583 4017 668 4081 κατόν
703 4019 735 4082 in
771 4016 823 4082 καί
859 4015 1047 4082 mutandum
1079 4039 1144 4082 esse
1178 4017 1378 4105 suspicantis.

191 4129 280 4197 Idem
313 4155 366 4220 pro
392 4134 561 4201 όιπέστειλε
584 4137 740 4226 rescripsit
764 4135 959 4214 όοπέστελλε,
984 4160 1084 4226 quum
1107 4135 1265 4203 debuisset
1288 4137 1377 4204 ἕπε’-

188 4265 302 4317 ττελλε
326 4253 348 4317 i.
374 4275 403 4320 e.
423 4277 492 4343 per
517 4257 644 4321 literas
669 4258 905 4346 segnificodat.

234 4373 309 4461 Peg.
348 4379 388 4440 47
399 4385 429 4456 ¹,
467 4399 510 4442 rs.
544 4381 581 4440 l:
616 4383 673 4443 τῶν
704 4378 729 4441 δ’
761 4379 898 4459 ἐμπόρων
928 4381 995 4446 οὐδὲ
1027 4376 1070 4454 είς
1101 4380 1218 4458 λόγον
1250 4379 1384 4446 πλείονα

190 4491 380 4568 ψευδομένων
403 4495 420 4571 ἢ
445 4491 515 4560 door
538 4497 701 4577 κερδαίνειν
724 4498 901 4578 βούλονται.
950 4501 1054 4568 Verba
1077 4501 1241 4566 manifesto
1261 4499 1383 4588 depra-

189 4619 258 4670 uata
297 4614 339 4676 sie
374 4615 555 4704 redigantur
591 4619 623 4681 in
657 4618 818 4699 ordinem,
853 4635 887 4686 ut
917 4623 1059 4711 legatur:
1092 4627 1152 4689 τῶν
1184 4623 1209 4686 δ’
1241 4620 1385 4701 ἐμπόρων
