2944 5002
771 332 813 392 76

187 513 349 590 ἡγήσαιτο.
398 513 491 580 Certa
526 513 745 583 emendatione
776 517 858 584 salus
892 515 981 584 reddi
1011 531 1112 608 potest
1140 517 1365 606 sequentibus:

187 641 402 717 τοιγαροῦν
433 639 754 718 περιενεχθῆναι
779 643 856 704 πῖιοι
881 648 943 710 τοῖς
967 647 1079 722 καιροῖς
1102 637 1291 720 ἁρμοζόντως
1315 638 1369 704 καί

187 755 256 822 τινίο
290 757 347 836 μὲν
381 762 546 838 περιορᾶν
581 758 651 824 τινα
687 759 717 826 δὲ
751 759 891 834 ἑκουσίοις
925 761 1109 841 παρακούειν
1131 795 1177 810 -
1196 760 1261 824 εὀτι
1296 761 1370 824 κατ’

187 877 296 959 ύρετίνν
318 877 420 960 ἀνδρὸς
445 877 551 944 πάντα
574 879 691 946 τελείου
714 882 780 946 ιιτὲ.
827 881 932 946 Prima
960 879 1055 947 rerba
1079 879 1237 970 quomodo
1256 901 1374 946 sanau-

187 996 227 1062 da
248 998 309 1064 sint
319 991 334 1076 ,ί
355 997 482 1066 docebit
505 999 618 1064 nobilis
641 998 729 1066 Iocus
753 999 946 1084 Aeschineus
967 1025 1006 1068 ex
1029 1014 1107 1067 oret.
1133 1001 1175 1064 de
1190 1001 1298 1087 salsa
1321 1001 1374 1065 le·

185 1122 327 1207 gatr'one
356 1143 389 1209 p.
426 1123 510 1198 165,
543 1143 639 1210 quem
671 1121 726 1188 hio
759 1121 1006 1188 emendatiorem
1029 1143 1126 1211 qnam
1149 1120 1244 1210 vulgo
1267 1119 1374 1186 editur

187 1238 413 1320 adscribamus3
449 1263 563 1330 nempe
593 1242 657 1308 sic:
690 1251 753 1316 τοῖς
783 1243 847 1324 γίιρ
882 1251 993 1324 καιροῖς
1028 1241 1153 1320 ύνοίγκκ
1178 1242 1373 1324 τυμπεριφέ·

186 1362 288 1440 ρετύαι
320 1361 392 1442 πρὸς
415 1361 450 1426 τὸ
473 1361 636 1443 κρύτιοτον
659 1361 712 1428 καί
736 1362 832 1443 ἄνδρα
856 1363 907 1428 καί
931 1362 1031 1428 πάλιν.
1079 1361 1182 1451 Vulgo
1203 1385 1372 1452 perperam

188 1479 322 1570 legitur:
359 1519 405 1532 -
439 1482 491 1546 καί
527 1484 578 1548 τὸν
613 1480 710 1563 ἄνδρα
739 1483 791 1548 καί
820 1484 875 1558 τὴν
899 1483 998 1549 πόλιν.
1045 1481 1216 1561 Similiter,
1240 1483 1371 1572 opinor,

190 1600 344 1666 Diodorus
378 1601 527 1668 dederat:
565 1603 607 1670 τὸ
642 1603 720 1687 γαρ
760 1604 1161 1685 συμπεριενεχθῆναι
1196 1605 1276 1668 ποῖοι
1307 1610 1373 1678 τοῖς

187 1730 300 1803 καιροῖς
342 1722 532 1804 ἁρμοζόντως
572 1721 624 1787 καί
667 1722 737 1790 τινα
781 1723 837 1802 μὲν
870 1727 1025 1804 παρορῖιν
1059 1723 1129 1789 τινίι
1163 1723 1188 1788 δ’
1229 1724 1372 1798 ἑκουσίας

188 1842 371 1924 παρακούειν
405 1879 451 1892 -
485 1843 551 1907 ἐστι
588 1844 654 1908 κτὲ.
703 1845 866 1910 Praeterea
900 1844 1009 1909 malim
1045 1857 1268 1934 transponere:
1301 1845 1373 1910 τινὰ

188 1963 220 2028 δὲ
250 1963 434 2044 παρακούειν
468 1965 679 2042 ἑκουσίως,
709 1977 745 2030 ut
774 1965 956 2032 adverbium
985 1964 1024 2031 ad
1048 1977 1218 2054 utrumque
1240 1964 1375 2031 verbum

187 2085 354 2173 pertineat.
403 2083 498 2150 Hunc
533 2085 637 2174 ipsum
673 2083 837 2150 Aeschinis
871 2084 978 2150 locum
1012 2084 1149 2150 Diodoro
1183 2085 1262 2152 haec
1295 2086 1375 2152 sori-

187 2203 277 2270 beuti
319 2203 517 2270 obversatum
559 2205 653 2270 fuisse
693 2205 744 2268 vir
783 2203 907 2285 dubit03
953 2204 1005 2270 bic
1036 2203 1255 2284 ε’πεξνργεῖται,
1291 2229 1374 2296 quae

186 2325 242 2392 ille
265 2326 296 2390 ἕν
315 2325 481 2407 κεφαλαίῳ
501 2324 632 2390 dixerat.
681 2324 804 2391 Ibidem
823 2349 867 2392 rs.
891 2330 954 2392 20:
977 2326 1136 2408 καίοίπερ
1153 2327 1239 2400 τινας
1257 2326 1374 2402 τύπους

187 2447 240 2514 καί
273 2445 493 2525 ὑποδείγματα
524 2445 735 2512 καταλέλοιπε
767 2453 822 2522 τῆς
863 2448 1040 2526 ἡγεμονίας.
1089 2447 1208 2513 Vereor
1247 2471 1289 2515 ne
1323 2449 1374 2513 lo-

189 2568 307 2658 quendi
338 2591 411 2634 usus
440 2567 613 2634 Diodoreus
643 2569 783 2658 requitat
813 2570 995 2649 καθαπερεί
1021 2571 1105 2647 κτὲ.;
1131 2582 1167 2635 ut
1189 2580 1273 2636 recte
1297 2569 1375 2636 alibi

188 2691 322 2780 legitur,
356 2703 387 2757 et
415 2713 456 2757 ne
476 2691 655 2780 exemplum
678 2690 758 2756 desit
781 2691 814 2756 iu
838 2691 877 2756 fr.
905 2690 1014 2756 XXIII
1041 2691 1164 2777 (XVIII
1186 2693 1204 2776 ς
1229 2689 1281 2778 t):
1308 2695 1373 2764 πᾶς

188 2812 252 2892 γὰρ
273 2811 408 2889 πόλεμοι
429 2812 606 2892 ἔκβεβκκύι
630 2809 673 2875 τίν
696 2810 813 2888 νόμιμα
837 2809 889 2874 καί
909 2809 1015 2876 δίκαια
1034 2817 1092 2876 τῶν
1112 2810 1270 2892 οίνύρύτοιν
1290 2807 1372 2891 ὅμως

190 2930 258 3012 ἔχει
290 2931 375 3004 τινας
399 2931 489 3002 ίδίους
515 2929 734 3011 καθαπερεί
758 2929 876 3007 νόμους.
924 2929 1005 2996 Nam
1029 2931 1193 3013 καύαπερεί
1217 2913 1376 3020 significat

191 3055 307 3140 quusi,
321 3051 460 3131 καύοίπερ
472 3037 578 3130 delet,
592 3050 884 3139 quemadmodum,
899 3049 984 3139 qnod
993 3050 1042 3116 rel
1054 3075 1090 3116 ex
1102 3051 1214 3118 eodem
1225 3065 1374 3142 excerpto

191 3173 217 3240 si
241 3174 310 3261 quis
327 3173 406 3238 Iorte
428 3172 544 3250 nescit,
569 3170 688 3237 discere
709 3183 830 3260 potest:
857 3170 909 3236 τὸν
921 3171 1079 3253 Ἀντίοχον
1099 3171 1278 3252 καύνίπερ
1301 3174 1374 3246 τοὺς

190 3296 242 3360 ε’πί
274 3303 332 3360 τῶν
362 3294 559 3374 δικαστηρίων
589 3290 788 3374 ουκοΦοίντας
812 3293 847 3358 τί
869 3293 925 3371 μὲν
947 3293 1032 3374 ῥυτὸν
1056 3297 1110 3358 τοῦ
1134 3293 1224 3371 νύμου
1247 3316 1374 3374 τετκρκ·

192 3415 293 3493 κέναι,
318 3439 398 3506 quae
422 3414 530 3503 scripsi
552 3423 588 3477 ut
611 3411 807 3478 emendanda
826 3435 891 3478 esse
911 3435 967 3477 suo
987 3412 1056 3478 Ioco
1075 3413 1233 3492 monebo,
1258 3425 1375 3480 etmor

191 3537 330 3619 καύοίπερ
350 3536 443 3609 αὐτὸς
467 3534 584 3618 ἔφησε,
609 3533 663 3600 ubi
688 3557 782 3623 qnam
807 3533 978 3600 absurdum
997 3534 1081 3617 foret
1104 3535 1268 3616 καθαπερεί
1293 3535 1377 3600 nibil

192 3659 304 3726 attinet
336 3658 562 3726 demonstrare.
611 3654 699 3720 Idem
734 3653 885 3720 mendum
913 3653 1083 3720 eluendum
1115 3655 1238 3722 ridetur
1268 3657 1301 3721 in
1331 3655 1373 3722 Ir.

194 3778 283 3845 XXX
299 3779 438 3864 (XXII):
461 3777 542 3860 ἔχων
565 3779 597 3842 ού
621 3777 736 3857 πατρίς
760 3775 1004 3856 πρίςνίίνύλλίι
1028 3774 1189 3842 καίύπε
1197 3799 1212 3856 ρ
1235 3775 1375 3856 ε’ρομανῆ

192 3899 264 3964 τινα
286 3898 416 3964 nattam
437 3899 507 3978 πρὸς
530 3897 566 3962 τὸ
589 3895 752 3978 μειριίκιον.
789 3895 935 3985 Corrige:
962 3897 1139 3977 καθαπερεί.
1176 3895 1286 3964 Simile
1307 3895 1377 3962 dis-

194 4019 314 4084 crimen
325 4017 490 4084 intercedit
508 4019 605 4083 inter:
627 4019 664 4090 ὡς
677 4029 709 4083 et
726 4017 814 4094 doci,
832 4014 932 4097 ύίοπερ
953 4029 984 4082 et
1003 4017 1147 4098 ὡσπερεί,
1164 4010 1222 4082 οίου
1233 4029 1265 4084 et
1276 4017 1375 4083 οίονεί.

192 4137 230 4204 Iu
260 4137 369 4204 eodem
396 4150 540 4227 excerpto
570 4161 667 4228 prope
696 4137 793 4204 finem
824 4159 889 4202 non
921 4136 962 4202 ab
994 4137 1080 4204 omni
1107 4139 1183 4202 sitii·
1198 4137 1378 4228 suspicione

191 4259 328 4327 liberum
358 4271 405 4324 est
434 4257 564 4324 verbum
594 4257 864 4340 παραπλοίοαούαι
897 4281 989 4324 sensu
1017 4257 1185 4326 imitandi
1216 4259 1374 4348 positmn:

192 4401 267 4444 narn
306 4379 382 4446 alibi
422 4380 598 4468 significare
630 4380 708 4447 solet
739 4387 938 4446 convertere
972 4379 1116 4467 aliquid
1147 4382 1186 4443 ι’νι
1218 4377 1379 4467 formam
1466 4423 1467 4448 t

196 4497 413 4566 deteriorem.

241 4617 350 4706 Neque
372 4621 485 4690 desunt
506 4624 539 4688 in
563 4623 601 4689 ir.
629 4621 671 4688 XI
697 4621 755 4710 (IX
779 4619 802 4710 ἓ
828 4621 883 4708 λ),
909 4643 989 4709 quae
1009 4619 1165 4710 tegentem
1185 4619 1373 4709 impediant.
1465 4691 1466 4732 ἒ
