2946 5014
759 315 821 376 186

197 501 355 568 Futurum
376 500 428 564 κσιῖ
449 499 596 578 nullasu
619 498 673 566 sed
692 499 769 564 talio
787 511 861 564 sunt
878 496 963 587 apud
983 509 1127 564 nostrum
1147 501 1251 580 μνρῖσν.
1285 499 1390 566 Nimis

197 635 305 690 tamen
333 621 463 686 fortasse
493 619 663 686 absurdum
694 621 853 687 Futurum
878 632 925 686 est
948 619 1066 686 ibidem
1088 621 1122 686 in
1145 620 1250 686 hisce:
1276 623 1304 686 εῖ
1329 621 1388 700 μὲν

198 742 302 808 θέλετε
326 742 532 820 πολεμήσειν,
559 765 622 830 qua
645 740 684 826 de
708 765 741 806 re
764 743 829 806 iam
850 741 961 806 monui
984 741 1018 806 in
1041 741 1220 808 collatione.

244 864 293 930 lb.
327 869 365 932 4:
392 863 521 930 observa
544 862 628 929 bella
650 862 803 928 vocabula
833 862 953 928 Graeca
978 863 1148 944 operiosius
1173 885 1216 924 =
1241 861 1390 952 praedari

197 997 229 1051 et
251 1008 323 1050 mor
346 984 465 1067 πρινῖδνι
487 1008 531 1048 =
553 981 715 1074 praedam.
764 983 885 1050 Lericis
910 981 1052 1050 addenda
1076 982 1214 1048 scilicet!

242 1106 290 1173 Ib.
335 1111 376 1171 5:
421 1105 592 1188 προτρέπων
632 1105 728 1179 ινῦτῖιν
767 1105 898 1170 ε’νδσῡνιιι
934 1111 1036 1170 τελεῖν
1076 1105 1128 1170 ὑπ’
1159 1105 1199 1168 eal
1221 1101 1262 1168 όν.
1310 1101 1388 1169 Non

198 1228 315 1316 optime
347 1225 493 1315 quidem,
524 1225 577 1292 scd
608 1226 652 1292 ita
676 1225 807 1305 saltem,
831 1237 867 1290 ut
890 1223 1025 1314 intelligi
1047 1236 1170 1315 posset,
1195 1224 1384 1314 scripserat:

198 1347 330 1412 ἐνδοῦναι
355 1347 422 1412 nul
446 1355 547 1412 τελεῖν
575 1347 639 1412 κτὲ.

248 1466 297 1533 lb.
331 1472 373 1534 6:
404 1467 472 1548 πρὶν
505 1467 551 1534 διν
581 1468 639 1540 sic
671 1467 740 1536 τοὺς
770 1465 929 1548 ἀρχηγοὺς
953 1473 1008 1541 τῆς
1031 1464 1171 1540 στάσεως
1194 1467 1390 1542 πεντήκοντα

198 1587 382 1666 ἐξεδίκησεν.
431 1587 544 1676 Neque
575 1586 613 1653 διν
639 1609 743 1677 neque
766 1589 809 1661 ele
832 1586 908 1654 ferri
929 1598 1052 1676 potest,
1077 1585 1232 1675 siquidem
1253 1585 1390 1652 verbum

198 1709 325 1775 ἐκδικεῖν
367 1733 441 1776 curn
485 1709 672 1776 Accusativo
713 1709 866 1798 iungitur.
928 1706 1041 1774 Sensui
1076 1709 1283 1774 satisfaceret:
1317 1708 1390 1790 πρὶν

199 1831 371 1912 ἀνευρὼν
417 1831 487 1905 τσὺς
527 1829 687 1912 ιῖρχνγνὺς
727 1830 808 1906 κτὲ.;
852 1826 906 1894 scd
946 1827 1048 1894 lenius
1088 1831 1273 1895 correxeris:
1315 1827 1389 1910 πρὶν

198 1949 363 2032 ἄνδρας,
386 1953 455 2024 τοὺς
480 1952 639 2034 ἀρχηγοὺς
662 1958 717 2026 τῆς
740 1947 897 2026 στσὶσεισς,
921 1950 1111 2026 πεντήκοντα
1135 1947 1319 2026 ἐξεδίκησεν.

244 2072 319 2160 Peg.
348 2075 433 2150 198,
459 2073 517 2136 12:
543 2066 589 2138 ὅτι
609 2070 660 2136 ἐπὶ
685 2055 769 2150 κμκῷ
790 2075 911 2150 Περσῶν
935 2069 978 2143 sic
1001 2069 1055 2145 τὴν
1078 2071 1246 2150 βμσιλεῖιιν
1267 2066 1388 2145 ἦλθεν.

198 2194 301 2282 Lege:
328 2187 441 2265 ἦλθον.

245 2313 292 2381 Ib.
328 2317 369 2377 13
399 2314 417 2396 S
446 2317 483 2378 1:
514 2310 731 2386 Δινκλνιτισινὸς
755 2305 807 2376 πῖν’
822 2310 893 2376 τότε
917 2310 1076 2392 σεβόμενσι
1099 2314 1166 2378 δεῖνι
1188 2313 1326 2396 μκρτνρδ
1374 2353 1391 2365 -

198 2457 263 2512 νος,
286 2430 396 2510 ἔλεγεν
416 2431 480 2496 κτὲ.
518 2429 567 2496 ld
582 2429 662 2498 haec
681 2430 776 2497 rerba
796 2431 897 2498 Maius
920 2431 1048 2498 adnotat
1072 2435 1184 2498 <chine
1208 2439 1388 2524 cognosci-

197 2578 272 2620 mus
303 2555 508 2618 historicum
544 2549 818 2618 Christianum»
850 2575 945 2642 quam
978 2553 1270 2620 adnotatiunculam
1298 2555 1391 2620 Mul-

196 2677 280 2742 lerus
313 2673 417 2752 aliud,
449 2672 565 2752 credo„
598 2696 692 2763 agens
724 2674 790 2739 sine
822 2673 1064 2764 reprehensione
1090 2675 1124 2740 in
1148 2675 1265 2740 librtun
1290 2698 1389 2742 suum

197 2798 327 2886 recepit.
377 2795 499 2862 Bellam
526 2793 780 2860 conclusionem!
828 2793 863 2860 si
887 2793 964 2884 quid
987 2795 1066 2860 certi
1089 2817 1126 2860 er
1148 2794 1198 2860 his
1221 2794 1390 2862 vocabulis

197 2917 281 2991 effici
318 2929 438 3007 posset,
478 2937 571 2986 nemo
603 2937 696 2980 sanus
732 2937 797 2980 non
828 2915 931 3004 ipsum
968 2917 1161 2980 contrarium
1197 2914 1271 2982 inde
1306 2939 1389 2984 con-

197 3035 357 3114 cluderet,
394 3059 508 3126 nempe
542 3034 728 3101 historicum
764 3058 830 3099 ιιοιι
864 3035 958 3100 fuisse
994 3033 1224 3116 Christianum
1252 3059 1327 3102 nam
1351 3041 1383 3104 si

197 3160 306 3225 fuisset
338 3180 402 3224 non
434 3158 625 3246 scripturum
649 3156 765 3226 fuisse:
793 3157 837 3220 roi
863 3156 961 3222 τότε
985 3156 1194 3236 σεβόμενοι
1218 3159 1303 3236 δεῖν,
1327 3160 1389 3226 sed

197 3279 381 3369 simpliciter
403 3279 445 3344 τνδ
468 3279 544 3343 δεῖν.
571 3277 638 3342 Nec
657 3299 730 3342 vero
752 3277 866 3342 certius
887 3289 1111 3366 argumentum
1132 3279 1198 3368 peti
1220 3290 1322 3368 potest
1345 3303 1392 3348 ex

201 3402 240 3467 fr.
277 3406 321 3480 3,
356 3398 412 3470 ubi
437 3399 540 3488 agitur
561 3396 600 3462 de
624 3395 770 3476 Christo,
797 3409 988 3488 quapropter
1011 3397 1107 3463 fidem
1130 3400 1266 3465 auctoris
1284 3399 1395 3467 libens

195 3524 228 3588 in
259 3520 364 3588 medio
396 3520 585 3608 relinquam.
636 3518 820 3598 Praeterea,
851 3531 887 3584 ut
921 3518 1020 3586 libere
1047 3518 1171 3596 dicam,
1203 3521 1287 3611 quod
1311 3545 1391 3589 sen-

196 3645 260 3721 tio,
285 3641 458 3722 τιῖνθρώπσν
481 3639 564 3706 οὐδέν
587 3662 638 3717 μοι
660 3637 760 3718 μέλει.

242 3763 291 3829 lb.
327 3766 367 3828 15
399 3765 414 3842 ἓ
449 3767 484 3827 1;
513 3763 543 3826 ἐν
574 3759 709 3844 nullasu
742 3769 942 3840 μεταγαγεῖν
975 3760 1122 3828 scribitur
1152 3783 1277 3852 prorsus
1307 3765 1389 3832 ber-

197 3886 272 3952 bare
298 3883 583 3974 protemporali
609 3883 671 3948 κτὲ.
