2932 5004
767 348 827 411 138
897 393 902 408 .

263 533 393 602 Initium
428 535 467 600 ir.
506 533 534 601 X
570 533 661 621 (vtfl
697 539 715 620 ἡ
751 535 784 624 3)
825 537 940 602 inserto
972 539 1200 627 praepositione
1232 543 1276 606 sic
1314 555 1398 609 recte

221 658 370 748 scriptum
396 658 475 723 erit:
500 652 582 730 ύτι.ύ
606 657 699 731 αὐτὸς
720 657 772 722 καί
798 656 865 746 (είς)
892 654 1017 740 Κύζικον
1040 661 1196 742 παρελθὼν
1219 663 1285 729 οιτὲ.

264 779 318 844 Fr.
354 777 400 844 XI
430 779 521 843 init:
556 773 601 844 ύτι
634 777 648 842 ύ
680 777 817 859 Φιβρῒνος
847 779 902 854 τὴν
933 779 1091 862 ἐπαρχίαν
1122 781 1152 845 ἐν
1182 782 1278 865 ύλίγῳ
1301 783 1398 866 χρύνῳ

219 901 371 974 τοσούτοις
401 899 587 981 περιέβαλεν
608 899 826 980 οίτυχὴμασιν,
849 897 927 974 ύσοις
952 899 1030 974 είκδς
1055 897 1089 974 ἡν
1112 903 1294 984 περιβαλεῖν
1317 903 1400 982 ἐξου-

218 1022 287 1088 σίαν
315 1028 369 1088 τοῦ
399 1019 545 1102 προίττειν
569 1017 583 1083 d
606 1019 756 1099 βούλεται
780 1021 951 1104 τηλικαύτη
972 1023 1140 1106 δυσσεβείρο
1163 1025 1399 1105 περιπεποιημέ-

216 1167 273 1209 ιον.
300 1143 413 1209 Melius
430 1141 508 1208 hoec
524 1139 741 1230 intelligentur
750 1189 759 1220 ,
780 1155 925 1208 revocato
938 1143 1070 1210 articulo
1087 1145 1148 1210 τὸν
1164 1157 1237 1210 unte
1247 1143 1399 1222 ἐξουσίαν.

262 1263 472 1330 celebrentur
505 1263 538 1326 in
573 1261 612 1326 lr.
650 1259 712 1326 XII
746 1259 854 1327 laudes
885 1261 1027 1352 Pompeii
1058 1265 1178 1354 Magni.
1225 1265 1264 1330 In
1293 1265 1400 1331 medio

216 1387 281 1452 lere
310 1393 457 1472 excerpto
490 1381 534 1446 sic
566 1380 701 1470 legitur:
735 1381 807 1462 πρὸς
835 1382 866 1447 δὲ
897 1383 948 1448 τὸν
980 1380 1069 1450 ύπνον
1098 1385 1264 1468 ἀπεμέριζε
1291 1385 1400 1468 χρόνον

216 1505 369 1572 ἔλιίττονα
392 1510 446 1577 τὴς
471 1502 651 1584 ἐκφύσεως
675 1500 817 1580 οίνοίγκης
841 1503 908 1568 τδν
937 1505 962 1568 δ’
991 1505 1029 1568 ἐν
1052 1505 1167 1572 νυκτί
1191 1507 1306 1573 πύνον
1329 1533 1398 1574 πα·

215 1627 370 1708 ρεδίδου
394 1626 464 1700 τὴν
487 1623 568 1702 μεθ’
593 1624 742 1705 ἡμέριον
763 1624 1021 1701 ἐπιμέλειαν,
1046 1627 1249 1707 ε’παγρυπνῶν
1267 1636 1400 1704 τοῖςτὴς

215 1746 410 1829 στρατηγίας
430 1743 632 1822 ἐντεύγμασι.
666 1741 819 1809 Mulieres
839 1766 876 1808 ex
893 1745 1009 1811 Valerii
1025 1747 1206 1811 coniectum
1217 1746 1335 1812 edidit:
1357 1759 1398 1832 τῇ

213 1871 281 1948 μεθ’
306 1867 420 1948 ἡμέριον
443 1865 616 1948 ἐπιμελείᾳ.
664 1863 717 1930 Sic
741 1863 943 1930 scribendum
965 1887 1031 1932 esse
1054 1865 1133 1932 mihi
1151 1889 1278 1956 quoque
1294 1870 1400 1958 primo

216 1989 329 2055 obtutu
352 1985 537 2053 ridebatur.
563 1983 616 2051 sed
639 1995 747 2073 posteo
772 1981 856 2050 hanc
879 1986 1093 2053 coniecturam
1110 1999 1146 2052 ut
1162 1988 1399 2070 παραδιίρύιοσιν

215 2109 396 2200 repudiavi,
433 2107 550 2195 quippe
574 2127 636 2194 qua
660 2104 740 2170 nihil
763 2105 940 2187 lucremur,
966 2109 1115 2196 quonium
1141 2108 1189 2174 rel
1208 2109 1253 2174 sic
1276 2121 1399 2176 mutate

215 2229 361 2321 periodus
378 2249 453 2292 seno
470 2246 563 2292 sensu
585 2247 684 2291 rocoa
707 2249 835 2292 monere
857 2227 937 2294 mihi
960 2227 1094 2295 ridetur.
1135 2230 1266 2312 Gravius
1278 2231 1401 2320 aliquid

215 2361 382 2441 peccatum
406 2370 471 2413 esse
495 2369 512 2410 e
536 2345 644 2412 scribis
667 2345 818 2437 suspicor.
856 2345 891 2414 si
913 2371 976 2414 non
1000 2351 1066 2440 ipse
1089 2350 1203 2432 rerba,
1228 2351 1290 2417 loci
1311 2366 1399 2420 certe

216 2469 403 2538 sententiam
435 2479 592 2533 essecutus
623 2489 690 2533 esse
716 2466 796 2532 mihi
828 2467 934 2534 videor
961 2470 1162 2559 reponendo:
1192 2471 1243 2536 τὸν
1265 2473 1341 2553 γοδρ
1367 2475 1400 2540 ἐν

216 2591 300 2658 νυκτί
330 2589 417 2656 πίνου
444 2588 679 2668 προσετίθει
708 2597 754 2670 τὴ
785 2591 867 2666 μεθ’
891 2589 1040 2671 ἡμέραν
1064 2593 1295 2677 ἐπιμελείᾳ,
1320 2595 1400 2658 ἐπα-

214 2718 352 2794 γρυπνῶν
379 2719 441 2782 τοῖς
470 2714 525 2781 τὴς
553 2709 747 2789 στρατηγίας
771 2709 983 2786 ἐντεύγμασι,
1010 2709 1124 2777 colluto
1148 2712 1218 2777 loco
1242 2715 1400 2781 consimili

214 2833 270 2898 lib.
298 2832 373 2898 XIV
394 2855 424 2896 c.
451 2833 511 2896 18:
535 2829 587 2894 καὶ
606 2837 668 2902 τοῖς
687 2837 743 2904 τὴς
762 2829 879 2912 ἡμέρας
895 2827 993 2910 ἔργοις
1013 2828 1079 2898 ἔνιοι
1103 2834 1398 2913 προσεπίύεσοιν

214 2952 267 3019 καὶ
291 2951 366 3032 μέρη
389 2955 447 3016 τῶν
467 2955 588 3015 νυκτῶν.
625 2949 741 3015 Lenius
760 2961 866 3015 temen
884 2949 994 3016 eodem
1013 2973 1106 3017 sensu
1123 2953 1229 3019 locurn
1242 2956 1399 3046 refingerc

213 3075 310 3166 possis
340 3075 374 3138 in
407 3069 494 3136 hunc
525 3067 675 3136 modum:
712 3071 763 3136 τδν
797 3071 860 3152 γοὶρ
895 3072 925 3136 ἐν
959 3073 1042 3138 νυκτί
1068 3073 1155 3140 πύνον
1178 3073 1399 3156 παρεξίσου

213 3207 253 3280 τὴ
276 3195 343 3276 μεθ’
368 3193 481 3274 ἡμέραν
504 3191 682 3276 ἐπιμελείᾳ.

260 3314 459 3381 Vocabulum
494 3313 576 3378 male
611 3311 744 3377 dlvisum
776 3314 973 3403 corruptelae
1003 3337 1097 3380 cause
1127 3317 1222 3385 fuisse
1252 3316 1397 3400 ridetur,

216 3461 277 3528 qun
305 3435 428 3502 loborat
458 3433 497 3500 Ir.
527 3431 626 3509 XIII,
656 3431 712 3496 ubi
739 3431 779 3498 dc
807 3433 919 3499 eodem
943 3433 1092 3525 Pompeio
1115 3435 1222 3524 Syllae
1244 3436 1398 3505 iudicium

215 3559 365 3624 traditur:
391 3557 405 3621 ί
434 3555 465 3620 δὲ
491 3551 606 3641 (Sylla)
632 3557 753 3618 πολλῶν
776 3549 881 3619 ἄλλων
901 3553 1066 3632 ύαυμοίσας
1086 3557 1136 3621 τὸν
1159 3559 1312 3624 νεανίσκον
1334 3569 1398 3634 τοῖς

215 3683 282 3759 μεύ’
305 3681 414 3744 ἑαυτοῦ
438 3683 656 3754 συγκλητικοῖς
679 3673 857 3748 ἐπέπληττε
878 3673 1087 3755 παρονειδίζων
1108 3674 1181 3756 ἅμα
1203 3678 1255 3743 καί
1284 3703 1398 3760 προκα-

215 3800 358 3878 λούμενος
391 3797 463 3879 πρδς
494 3796 547 3861 τδν
576 3791 674 3874 ύμοιον
705 3795 806 3876 ζὴλον·
830 3794 1001 3878 ύαυμιίζειν
1023 3795 1086 3878 γύιρ
1110 3796 1225 3880 ἔφησεν
1247 3802 1281 3866 εί
1306 3801 1398 3887 (num

216 3922 260 3986 sic
283 3917 354 3985 cod.
381 3917 454 3982 Vnt.
478 3913 553 3980 hab.
578 3937 636 4004 pro
660 3909 734 4002 ύτι)
765 3914 843 3988 νὲος
873 3917 942 3994 μὲν
965 3923 1126 3990 παντελῶς
1150 3922 1399 3993 τηλικούτων

44 4041 49 4070 ⁴
167 4031 180 4050 ⁸
216 4035 535 4122 στρατευμάτων
558 4033 763 4114 πολεμίων
785 4035 989 4118 οίφὴρπακεν,
1013 4039 1040 4103 οἱ
1065 4037 1096 4102 δὲ
1116 4047 1155 4121 τῇ
1175 4041 1200 4104 ύ’
1221 4043 1326 4126 ἡλικία
1342 4047 1399 4110 καὶ

214 4173 277 4238 τοῖς
307 4158 462 4238 οίξιιίμκσι
493 4156 572 4222 πολὺ
603 4154 782 4236 προέχοντες
811 4156 876 4221 ούδὲ
900 4156 971 4230 τοὺς
995 4157 1084 4228 ίδίους
1107 4157 1228 4231 οίκέτας
1249 4162 1292 4232 είς
1318 4189 1399 4243 συμ.

214 4285 340 4368 μαχίαν
363 4279 492 4361 γνησίαν
516 4277 689 4352 δεδύνηνται
710 4275 913 4358 παρέχεσθαι.
948 4276 1100 4367 Suspicor
1115 4301 1246 4346 manum
1266 4281 1402 4353 Diodori

215 4431 266 4473 me
293 4403 452 4494 agnovisse
471 4397 690 4464 rescribendo:
716 4396 886 4480 ύιιυμοίζειν
904 4397 967 4480 γὰρ
987 4397 1101 4479 ἔφησεν
1124 4401 1156 4466 εί
1180 4401 1194 4464 d
1217 4401 1292 4478 μέν
1315 4405 1403 4482 νέος

217 4525 261 4587 ῶν
283 4528 442 4594 παντελῶς
465 4521 667 4594 τηλικοῦτον
690 4516 890 4598 στροίσευμοο
913 4523 988 4584 τῶν
1011 4521 1165 4598 πολεμίαν
1187 4521 1404 4605 οὶνὴρπακεν,

217 4639 242 4704 σί
264 4638 295 4703 δὲ
319 4639 402 4716 κτῶ,
438 4641 459 4708 i.
486 4663 514 4707 e.
542 4660 579 4704 σε
602 4640 734 4705 mirari
755 4641 790 4702 εἰ
810 4639 872 4704 ι’ίίο
894 4637 1032 4727 quidem
1054 4638 1235 4706 admodum
1260 4647 1408 4714 iuvenis
