2944 5002
28 1 78 357 ί

28 879 29 888 ¹
94 790 155 854 liter
181 791 249 855 loco
281 801 387 854 nostro
417 789 565 856 dederat:
599 791 705 858 πάντα
736 793 932 860 κατέλυσαν
961 793 1041 882 (scil.
1073 796 1107 859 τὸ
1135 797 1262 871 πνεῦμα

656 365 696 426 49

92 553 138 612 τοῦ
153 549 182 614 δὲ
203 549 329 629 Θεομῶν
349 553 485 630 πυλυοοῦ
506 550 573 630 περὶ
587 549 628 614 τά
642 548 699 627 ἔξω
711 551 873 631 γενομένου
889 554 932 624 είς
948 554 1128 630 άνοινκοιίας
1140 551 1261 632 χρείας,

96 671 146 735 rint
165 673 215 734 τοῦ
239 671 395 748 Ῥωμαίων
418 675 551 751 στρατοῦ
574 673 748 755 συνελήφθη
774 672 902 763 (nempe
924 675 939 738 ί
958 672 1120 760 πυλωρός).
1165 670 1261 738 Simi-

92 911 135 975 καί
157 913 173 986 ἡ
194 909 367 998 θάλασσα).
415 910 535 978 Eodem
558 911 651 978 modo
675 913 707 978 in
730 913 770 980 fr.
795 913 915 979 XXXV
934 913 1007 979 libri
1025 913 1258 1003 praecedentis:

28 1087 29 1124 ἒ
92 1029 272 1103 ἐπιπεσόντος
306 1033 463 1098 Καικιλίου
499 1034 626 1111 αὐτοῖς,
660 1033 744 1098 κατά
780 1033 889 1115 κράτος
925 1035 1049 1110 νικάσας
1092 1033 1260 1100 άπέστειλε

28 1235 29 1238 ¹
94 1152 161 1236 (scil.
183 1154 197 1217 o'
221 1152 404 1240 Καικίλιος).
448 1153 535 1239 Quae
558 1154 700 1243 exempla
722 1153 789 1219 aliis
810 1155 984 1220 innumeris
1003 1156 1109 1244 augeri
1127 1157 1258 1245 possint.

28 1353 30 1364 Ι
129 1273 441 1363 interpretamentum
460 1273 601 1356 ὄργανον,
626 1276 702 1340 olim
726 1275 918 1364 adscriptum
942 1275 982 1339 ad
1005 1275 1190 1356 πετράβολον
1213 1299 1257 1342 νε.

28 1365 30 1426 i
92 1397 144 1472 29,
174 1393 286 1460 lubens
317 1393 496 1461 deleverim.
546 1395 630 1461 Male
661 1419 736 1460 sana
765 1419 836 1461 mor
861 1419 905 1462 rs.
933 1401 975 1462 33
1000 1396 1079 1462 bueo
1103 1398 1258 1485 scriptura

28 1569 29 1612 4
91 1513 215 1580 ridetur:
242 1515 295 1580 καί
319 1519 473 1581 coituris
497 1517 539 1590 είς
563 1517 615 1582 τὸν
639 1517 710 1598 πρὸς
735 1517 897 1582 θάλασσαν
921 1516 1056 1595 πόλεμον
1080 1518 1258 1582 κενωθέν-

28 1691 30 1706 ,
89 1659 149 1714 τις,
178 1639 204 1702 οἱ
233 1637 320 1701 κατά
351 1635 411 1710 τάς
443 1637 562 1718 ἐνέδρας
592 1638 753 1716 κλίμακας
777 1639 914 1715 ἑτοίμους
939 1636 1063 1719 ἔχοντες
1088 1639 1257 1718 άνέβνσαν.

90 1756 156 1822 Nam
197 1759 302 1846 potuit
344 1760 361 1834 ἡ
403 1757 493 1832 πόλις
533 1760 709 1835 κενωθῆναι,
744 1760 759 1822 ὁ
790 1760 867 1833 λαός
902 1783 966 1823 non
1000 1760 1115 1848 potuit.
1166 1759 1257 1845 Quod

28 1871 29 1892 ¹
89 1879 200 1944 omnino
223 1878 412 1956 satisfaciat,
438 1879 574 1968 reperire
596 1878 676 1944 mihi
698 1901 762 1943 non
786 1880 928 1968 contigit.
976 1879 1135 1964 Quaerant
1158 1879 1224 1947 alii.

28 1953 29 2032 i
122 1999 166 2064 ib.
189 2024 223 2089 p
249 2005 293 2065 34
317 2023 361 2066 rs.
389 2005 425 2079 4,
450 2022 593 2090 erpunge
617 1999 890 2082 additamentum,
916 2000 1000 2090 quod
1023 2003 1129 2090 inepte
1154 2001 1256 2066 abun-

87 2118 181 2185 datin
203 2120 383 2186 vocabulis:
410 2121 522 2195 ἰδόντες
546 2121 626 2187 tt‘
599 2145 625 2186 οι
649 2121 846 2204 Καρχηδόνιοι
859 2121 943 2188 οὐδὲν
967 2126 1164 2204 ὧφελουντοις
1185 2125 1255 2198 τοὺς

28 2325 29 2332 ¹
87 2242 178 2315 ίττεῖς
208 2243 310 2308 αὐτῶν
341 2244 372 2307 ἐν
399 2251 462 2315 τοῖς
491 2249 606 2315 στενοῖς
640 2241 770 2329 [τόποις]
798 2243 865 2312 κτὲ.
913 2244 1112 2333 Angustias
1137 2245 1256 2312 Graece

86 2359 198 2428 diciret
221 2362 319 2428 στενά
342 2363 414 2428 satis
436 2375 503 2441 est,
528 2362 641 2441 eredo,
671 2375 795 2432 notum.

121 2482 166 2548 lb.
197 2507 244 2549 rs.
279 2489 298 2550 5
330 2483 560 2574 supplendum:
587 2483 764 2559 catenant
789 2485 915 2563 βοήθεια
943 2485 1104 2575 (ἐντεῦθεν)
1129 2497 1254 2570 Καρχη-

86 2602 174 2677 δονίοις
209 2606 343 2683 ἐγένετο.
392 2604 512 2671 Deinde
547 2627 591 2670 rs.
629 2609 647 2668 7
684 2605 824 2694 corrige:
862 2605 913 2670 διά
944 2608 999 2681 τὴν
1029 2605 1162 2672 σπάνιν
1196 2613 1256 2674 τῶν

28 2745 30 2784 ι
84 2731 185 2808 τροφῶν
202 2749 260 2816 pro
283 2726 459 2802 σπανίαν,
483 2725 568 2814 quod
598 2723 788 2790 uocabulum
817 2725 972 2791 Graecum
991 2739 1143 2806 nonest,
1170 2739 1255 2794 recte

28 2855 29 2860 ’
85 2845 135 2910 iarn
166 2861 318 2914 monente
352 2846 574 2927 Rhodoman03
613 2859 644 2911 et
675 2869 719 2912 rs.
751 2850 788 2911 8:
822 2847 865 2919 εἰς
894 2848 950 2922 πίςν
974 2846 1056 2913 νίσον
1079 2848 1253 2913 ἐνέπιπτον

28 2927 30 3046 i
85 2969 143 3054 ipro
165 2966 332 3058 ἔπιπτον),
357 2981 393 3034 ut
416 2966 563 3034 dicebant
586 2979 618 3033 et
640 2935 820 3033 scribebant
843 2989 962 3034 omues.

120 3087 294 3154 Monstrum
325 3087 409 3154 alere
439 3087 587 3154 ridentur
616 3111 661 3154 ro.
698 3091 736 3152 12
763 3087 935 3152 vocabula:
961 3095 1020 3154 τῶν
1043 3085 1074 3152 δὲ
1097 3089 1253 3169 Ῥωμαίων

84 3211 124 3272 τίν
149 3209 268 3276 ὕπατον
299 3205 601 3288 διαδεξαμένων
624 3209 679 3284 τὴν
701 3209 802 3290 άοχδον
824 3207 1002 3290 παρέδωκαν
1023 3208 1163 3290 Κλαυδίῳ
1187 3210 1253 3276 κτὲ.

28 3353 30 3430 ι
84 3331 282 3414 Διοδέχεσίαί
310 3355 380 3398 τινα
410 3343 486 3396 noto
519 3353 578 3396 uso
610 3330 766 3419 significat
788 3330 970 3396 succedere
992 3331 1125 3410 alicui,
1150 3352 1255 3419 neque

28 3453 165 3580 igitur
186 3453 263 3518 huic
286 3452 357 3518 loco
374 3454 531 3519 convenit.
581 3451 756 3542 Suspicor'
748 3475 781 3516 an
803 3459 1155 3519 ΔΙΑΔΕΞΛΜΕΝΩΝ
1174 3450 1254 3516 deli-

28 3595 29 3602 *
83 3585 187 3641 teseere
233 3595 339 3640 reram
382 3574 551 3640 lectionem
594 3583 785 3642 ΔΙΑΛΛΑΞ
766 3581 964 3650 ΑΝΤΩΝ,
1003 3571 1087 3660 quod
1122 3572 1254 3638 uerbum

82 3693 225 3761 ltiotoms
256 3693 436 3761 adhibuerit
464 3718 501 3761 eo
533 3717 642 3773 sensu,
675 3717 738 3783 quo
768 3717 797 3759 r.
829 3716 858 3758 c.
890 3692 1068 3782 Xenophon
1091 3693 1198 3758 scribit
1220 3695 1281 3758 in'

83 3815 242 3882 Hellenicis
277 3816 292 3882 1
327 3841 333 3880 :
368 3820 389 3882 6
422 3818 440 3900 §
472 3819 508 3880 4:
535 3811 580 3880 dre
604 3813 838 3892 Λακεδαιμόνιοι
862 3813 1003 3892 μέγιστα
1026 3815 1255 3895 παραπίπτοιεν

81 3939 105 4000 ἐν
133 3941 172 4020 τῷ
197 3939 259 4027 (atsi
282 3933 397 4025 insere)
429 3935 691 4002 διαλλάττειν
718 3936 788 4008 τοὺς
812 3933 997 4018 ναυάρχους.
1046 3937 1134 4022 Quae
1154 3939 1255 4028 suspi-

28 4115 30 4154 ᾖ
81 4061 121 4124 cio
141 4059 166 4125 si
188 4081 263 4124 rera
287 4069 350 4136 est,
373 4056 510 4124 Diodoro
530 4055 743 4123 reddendum:
762 4057 870 4122 τῶνδὲ
891 4056 1047 4135 Ῥωμαίων
1068 4057 1119 4122 τὸν
1136 4053 1254 4124 ὕπατον

28 4181 29 4220 i
80 4176 379 4256 διαλλαξάντοιν,
412 4182 467 4256 τὴν
501 4179 601 4260 ἀρχὴν
647 4176 825 4260 παρέδωκαν
871 4177 1013 4257 Κλαυδίῳ
1047 4175 1253 4263 [ὑπάτῳ]τῷ

77 4307 122 4366 τοῦ
151 4301 289 4368 Ἀππίου
318 4301 386 4381 υἱῷ,
418 4301 440 4366 i.
466 4323 495 4366 e.
522 4299 674 4366 Romani
696 4307 811 4364 autem
834 4307 967 4363 mutato
989 4300 1127 4363 consule
1151 4300 1252 4386 impe·

77 4427 159 4490 riom
195 4421 381 4488 tradidere
418 4417 587 4499 Claudio;
624 4421 657 4485 in
689 4419 804 4510 quibus
834 4420 965 4488 observa
993 4441 1098 4484 rursus
1121 4417 1252 4484 candem

76 4543 211 4614 obtinere
241 4544 508 4610 constructionem
539 4542 695 4630 eclogario
718 4563 874 4631 perquam
893 4541 1102 4616 familiarem,
1126 4537 1166 4602 de
1190 4563 1252 4628 qua

76 4689 158 4756 supra
191 4666 338 4733 dirimas.
389 4665 471 4731 Fieri
503 4676 608 4730 tamen
640 4663 755 4752 possit,
781 4673 815 4726 ut
836 4662 933 4727 etiam
957 4659 989 4724 h.
1015 4658 1038 4722 l.
1065 4659 1252 4748 epitomator

28 4769 30 4848 Ι
1006 4781 1023 4828 ν
