<?xml version="1.0" encoding="UTF-8"?>
<!DOCTYPE html PUBLIC "-//W3C//DTD XHTML 1.0 Transitional//EN"
    "http://www.w3.org/TR/xhtml1/DTD/xhtml1-transitional.dtd">
<html xmlns="http://www.w3.org/1999/xhtml" xml:lang="en" lang="en">
 <head>
  <title>
</title>
<meta http-equiv="Content-Type" content="text/html;charset=utf-8" />
  <meta name='ocr-system' content='tesseract 3.04.00' />
  <meta name='ocr-capabilities' content='ocr_page ocr_carea ocr_par ocr_line ocrx_word'/>
</head>
<body>
  <div class='ocr_page' id='page_1' title='image "./exercitationesc02herwgoog/exercitationesc02herwgoog_0141.png"; bbox 0 0 2932 5004; ppageno 0'>
   <div class='ocr_carea' id='block_1_1' title="bbox 771 339 833 401">
    <p class='ocr_par' dir='ltr' id='par_1_1' title="bbox 771 339 833 401">
     <span class='ocr_line' id='line_1_1' title="bbox 771 339 833 401; baseline -0.032 0"><span class='ocrx_word' id='word_1_1' title='bbox 771 339 833 401; x_wconf 83' lang='lat'><strong>112</strong></span> 
     </span>
    </p>
   </div>
   <div class='ocr_carea' id='block_1_2' title="bbox 200 518 1397 2061">
    <p class='ocr_par' dir='ltr' id='par_1_2' title="bbox 204 518 1397 1097">
     <span class='ocr_line' id='line_1_2' title="bbox 252 518 1388 614; baseline -0.013 -20"><span class='ocrx_word' id='word_1_2' title='bbox 252 527 304 594; x_wconf 77' lang='lat' dir='ltr'><strong>l&#39;r.</strong></span> <span class='ocrx_word' id='word_1_3' title='bbox 336 525 381 592; x_wconf 83' lang='lat' dir='ltr'><strong>lv</strong></span> <span class='ocrx_word' id='word_1_4' title='bbox 413 527 482 592; x_wconf 94' lang='lat' dir='ltr'><strong>init.</strong></span> <span class='ocrx_word' id='word_1_5' title='bbox 517 523 565 608; x_wconf 83' lang='lat' dir='ltr'><strong>(ll</strong></span> <span class='ocrx_word' id='word_1_6' title='bbox 599 527 616 610; x_wconf 80' lang='lat' dir='ltr'>S</span> <span class='ocrx_word' id='word_1_7' title='bbox 644 525 701 612; x_wconf 82' lang='grc'><strong>25)</strong></span> <span class='ocrx_word' id='word_1_8' title='bbox 727 521 958 614; x_wconf 77' lang='grc' dir='ltr'><strong><em>ειιρρέοιιύιιιυι</em></strong></span> <span class='ocrx_word' id='word_1_9' title='bbox 984 519 1074 596; x_wconf 77' lang='grc' dir='ltr'><strong><em>ἡλίκη</em></strong></span> <span class='ocrx_word' id='word_1_10' title='bbox 1101 519 1221 606; x_wconf 86' lang='grc' dir='ltr'><strong><em>(τύτε)</em></strong></span> <span class='ocrx_word' id='word_1_11' title='bbox 1247 518 1388 594; x_wconf 78' lang='grc' dir='ltr'><strong><em>συνέστη.</em></strong></span> 
     </span>
     <span class='ocr_line' id='line_1_3' title="bbox 206 641 1389 736; baseline -0.005 -24"><span class='ocrx_word' id='word_1_12' title='bbox 206 646 255 712; x_wconf 93' lang='lat' dir='ltr'><strong>lb.</strong></span> <span class='ocrx_word' id='word_1_13' title='bbox 275 668 307 736; x_wconf 90' lang='lat' dir='ltr'><strong>p.</strong></span> <span class='ocrx_word' id='word_1_14' title='bbox 332 649 395 712; x_wconf 84' lang='lat'><strong>139</strong></span> <span class='ocrx_word' id='word_1_15' title='bbox 416 670 460 712; x_wconf 80' lang='lat' dir='ltr'><strong>rs.</strong></span> <span class='ocrx_word' id='word_1_16' title='bbox 481 649 520 711; x_wconf 73' lang='lat'><strong>2:</strong></span> <span class='ocrx_word' id='word_1_17' title='bbox 543 645 655 727; x_wconf 87' lang='grc' dir='ltr'><strong><em>ε’ρρύγη</em></strong></span> <span class='ocrx_word' id='word_1_18' title='bbox 676 643 817 735; x_wconf 88' lang='lat' dir='ltr'><strong>(legitur)</strong></span> <span class='ocrx_word' id='word_1_19' title='bbox 831 643 905 709; x_wconf 79' lang='grc' dir='ltr'><strong><em>τοτὲ</em></strong></span> <span class='ocrx_word' id='word_1_20' title='bbox 923 643 978 708; x_wconf 83' lang='grc' dir='ltr'><strong>σὺν</strong></span> <span class='ocrx_word' id='word_1_21' title='bbox 989 643 1080 723; x_wconf 72' lang='grc' dir='ltr'><strong><em>κοιρξι</em></strong></span> <span class='ocrx_word' id='word_1_22' title='bbox 1093 646 1129 708; x_wconf 84' lang='grc' dir='ltr'><strong><em>τὸ</em></strong></span> <span class='ocrx_word' id='word_1_23' title='bbox 1140 647 1241 719; x_wconf 81' lang='grc' dir='ltr'><strong><em>μῖσος.</em></strong></span> <span class='ocrx_word' id='word_1_24' title='bbox 1263 641 1389 707; x_wconf 88' lang='lat' dir='ltr'><strong>lmmo:</strong></span> 
     </span>
     <span class='ocr_line' id='line_1_4' title="bbox 205 761 1397 854; baseline -0.006 -22"><span class='ocrx_word' id='word_1_25' title='bbox 205 765 352 849; x_wconf 78' lang='grc' dir='ltr'><strong><em>ἐξερρύγη</em></strong></span> <span class='ocrx_word' id='word_1_26' title='bbox 391 769 454 834; x_wconf 87' lang='grc' dir='ltr'><strong><em>κτέ.</em></strong></span> <span class='ocrx_word' id='word_1_27' title='bbox 514 768 566 832; x_wconf 78' lang='lat' dir='ltr'><strong>Vs.</strong></span> <span class='ocrx_word' id='word_1_28' title='bbox 604 771 642 832; x_wconf 88' lang='lat' dir='ltr'><strong>ll</strong></span> <span class='ocrx_word' id='word_1_29' title='bbox 675 779 759 832; x_wconf 88' lang='lat' dir='ltr'><strong>recte</strong></span> <span class='ocrx_word' id='word_1_30' title='bbox 794 765 891 831; x_wconf 83' lang='lat' dir='ltr'><strong>ltind.</strong></span> <span class='ocrx_word' id='word_1_31' title='bbox 926 764 1063 854; x_wconf 82' lang='lat' dir='ltr'><strong>praefert</strong></span> <span class='ocrx_word' id='word_1_32' title='bbox 1091 761 1321 839; x_wconf 77' lang='grc' dir='ltr'><strong><em>δεσμεύοντες</em></strong></span> <span class='ocrx_word' id='word_1_33' title='bbox 1346 800 1397 810; x_wconf 97' lang='grc'><strong>-</strong></span> 
     </span>
     <span class='ocr_line' id='line_1_5' title="bbox 205 883 1393 976; baseline -0.005 -22"><span class='ocrx_word' id='word_1_34' title='bbox 205 894 492 960; x_wconf 83' lang='grc' dir='ltr'><strong><em>κοιτοοτονοῦντες</em></strong></span> <span class='ocrx_word' id='word_1_35' title='bbox 523 909 581 976; x_wconf 91' lang='lat' dir='ltr'><strong>pro</strong></span> <span class='ocrx_word' id='word_1_36' title='bbox 612 885 791 951; x_wconf 79' lang='lat' dir='ltr'><strong>lnfinitisis.</strong></span> <span class='ocrx_word' id='word_1_37' title='bbox 840 885 877 950; x_wconf 94' lang='lat' dir='ltr'><strong>ln</strong></span> <span class='ocrx_word' id='word_1_38' title='bbox 910 883 1024 949; x_wconf 85' lang='lat' dir='ltr'><strong>ricinia</strong></span> <span class='ocrx_word' id='word_1_39' title='bbox 1056 905 1132 972; x_wconf 90' lang='lat' dir='ltr'><strong>pro:</strong></span> <span class='ocrx_word' id='word_1_40' title='bbox 1159 884 1186 948; x_wconf 82' lang='lat' dir='ltr'><strong>oi</strong></span> <span class='ocrx_word' id='word_1_41' title='bbox 1210 884 1393 956; x_wconf 76' lang='grc' dir='ltr'><strong><em>πολλοὺς</em></strong></span> 
     </span>
     <span class='ocr_line' id='line_1_6' title="bbox 204 1001 1393 1097; baseline -0.007 -23"><span class='ocrx_word' id='word_1_42' title='bbox 204 1009 355 1082; x_wconf 78' lang='grc' dir='ltr'><strong>πλούτους</strong></span> <span class='ocrx_word' id='word_1_43' title='bbox 379 1007 558 1086; x_wconf 74' lang='grc' dir='ltr'><strong><em>κεκτημένοι</em></strong></span> <span class='ocrx_word' id='word_1_44' title='bbox 583 1008 649 1097; x_wconf 89' lang='lat' dir='ltr'><strong>ipse</strong></span> <span class='ocrx_word' id='word_1_45' title='bbox 673 1007 832 1096; x_wconf 89' lang='lat' dir='ltr'><strong>suspicor:</strong></span> <span class='ocrx_word' id='word_1_46' title='bbox 858 1006 885 1070; x_wconf 82' lang='lat' dir='ltr'><strong>oi</strong></span> <span class='ocrx_word' id='word_1_47' title='bbox 909 1003 1123 1084; x_wconf 71' lang='grc' dir='ltr'><strong><em>μεγάλους</em></strong></span> <span class='ocrx_word' id='word_1_48' title='bbox 1148 1001 1393 1076; x_wconf 58' lang='grc' dir='ltr'><strong><em>τλούτουςικτέ.</em></strong></span> 
     </span>
    </p>

    <p class='ocr_par' dir='ltr' id='par_1_3' title="bbox 202 1121 1394 1338">
     <span class='ocr_line' id='line_1_7' title="bbox 248 1121 1394 1217; baseline -0.006 -22"><span class='ocrx_word' id='word_1_49' title='bbox 248 1129 301 1195; x_wconf 80' lang='lat' dir='ltr'><strong>Fr.</strong></span> <span class='ocrx_word' id='word_1_50' title='bbox 336 1130 363 1190; x_wconf 83' lang='lat' dir='ltr'><strong>V</strong></span> <span class='ocrx_word' id='word_1_51' title='bbox 396 1128 441 1217; x_wconf 89' lang='lat' dir='ltr'><strong>(ll</strong></span> <span class='ocrx_word' id='word_1_52' title='bbox 473 1131 491 1212; x_wconf 84' lang='lat'>§</span> <span class='ocrx_word' id='word_1_53' title='bbox 528 1130 585 1214; x_wconf 87' lang='grc'><strong>30)</strong></span> <span class='ocrx_word' id='word_1_54' title='bbox 615 1151 649 1216; x_wconf 87' lang='lat' dir='ltr'><strong>p.</strong></span> <span class='ocrx_word' id='word_1_55' title='bbox 684 1131 749 1192; x_wconf 78' lang='lat'><strong>140</strong></span> <span class='ocrx_word' id='word_1_56' title='bbox 767 1127 959 1214; x_wconf 67' lang='lat' dir='ltr'><strong>requiritur:</strong></span> <span class='ocrx_word' id='word_1_57' title='bbox 987 1121 1021 1199; x_wconf 75' lang='grc' dir='ltr'><strong>ἦν</strong></span> <span class='ocrx_word' id='word_1_58' title='bbox 1045 1121 1094 1190; x_wconf 87' lang='grc' dir='ltr'><strong>ούν</strong></span> <span class='ocrx_word' id='word_1_59' title='bbox 1117 1122 1160 1212; x_wconf 91' lang='grc' dir='ltr'><strong>(η)</strong></span> <span class='ocrx_word' id='word_1_60' title='bbox 1185 1127 1277 1190; x_wconf 80' lang='grc' dir='ltr'><strong><em>τιῖσοι</em></strong></span> <span class='ocrx_word' id='word_1_61' title='bbox 1299 1123 1394 1205; x_wconf 77' lang='grc' dir='ltr'><strong><em>χύροο</em></strong></span> 
     </span>
     <span class='ocr_line' id='line_1_8' title="bbox 202 1245 827 1338; baseline -0.003 -24"><span class='ocrx_word' id='word_1_62' title='bbox 202 1251 287 1328; x_wconf 84' lang='grc' dir='ltr'><strong><em>κτέ.,</em></strong></span> <span class='ocrx_word' id='word_1_63' title='bbox 310 1271 384 1314; x_wconf 92' lang='lat' dir='ltr'><strong>nam</strong></span> <span class='ocrx_word' id='word_1_64' title='bbox 408 1249 596 1338; x_wconf 74' lang='lat' dir='ltr'><strong>intelligitur</strong></span> <span class='ocrx_word' id='word_1_65' title='bbox 619 1248 684 1313; x_wconf 90' lang='lat' dir='ltr'><strong>sola</strong></span> <span class='ocrx_word' id='word_1_66' title='bbox 708 1245 827 1314; x_wconf 88' lang='lat' dir='ltr'><strong>Sicilia.</strong></span> 
     </span>
    </p>

    <p class='ocr_par' dir='ltr' id='par_1_4' title="bbox 202 1363 1390 1572">
     <span class='ocr_line' id='line_1_9' title="bbox 247 1363 1390 1456; baseline -0.005 -20"><span class='ocrx_word' id='word_1_67' title='bbox 247 1371 301 1436; x_wconf 81' lang='lat' dir='ltr'><strong>rr.</strong></span> <span class='ocrx_word' id='word_1_68' title='bbox 334 1369 379 1434; x_wconf 81' lang='lat' dir='ltr'><strong>Vl</strong></span> <span class='ocrx_word' id='word_1_69' title='bbox 408 1369 454 1455; x_wconf 88' lang='lat' dir='ltr'><strong>(ll</strong></span> <span class='ocrx_word' id='word_1_70' title='bbox 479 1371 497 1454; x_wconf 88' lang='lat'>§</span> <span class='ocrx_word' id='word_1_71' title='bbox 524 1367 579 1456; x_wconf 88' lang='grc'><strong>32)</strong></span> <span class='ocrx_word' id='word_1_72' title='bbox 603 1381 682 1434; x_wconf 82' lang='lat' dir='ltr'><strong>extr.</strong></span> <span class='ocrx_word' id='word_1_73' title='bbox 708 1367 856 1432; x_wconf 77' lang='lat' dir='ltr'><strong>lacunosa</strong></span> <span class='ocrx_word' id='word_1_74' title='bbox 879 1378 952 1432; x_wconf 86' lang='lat' dir='ltr'><strong>sunt</strong></span> <span class='ocrx_word' id='word_1_75' title='bbox 974 1363 1087 1430; x_wconf 85' lang='lat' dir='ltr'><strong>rerba:</strong></span> <span class='ocrx_word' id='word_1_76' title='bbox 1113 1375 1152 1448; x_wconf 71' lang='grc' dir='ltr'><strong><em>τῇ</em></strong></span> <span class='ocrx_word' id='word_1_77' title='bbox 1177 1367 1208 1432; x_wconf 81' lang='grc' dir='ltr'><strong>δὲ</strong></span> <span class='ocrx_word' id='word_1_78' title='bbox 1231 1364 1390 1446; x_wconf 80' lang='grc' dir='ltr'><strong><em>βιιρύτητι</em></strong></span> 
     </span>
     <span class='ocr_line' id='line_1_10' title="bbox 202 1491 494 1572; baseline -0.014 -15"><span class='ocrx_word' id='word_1_79' title='bbox 202 1527 247 1542; x_wconf 90' lang='lat'><strong><em>-</em></strong></span> <span class='ocrx_word' id='word_1_80' title='bbox 269 1491 494 1572; x_wconf 78' lang='grc' dir='ltr'><strong><em>τοολοιιτοιρέοιν.</em></strong></span> 
     </span>
    </p>

    <p class='ocr_par' dir='ltr' id='par_1_5' title="bbox 200 1606 1393 2061">
     <span class='ocr_line' id='line_1_11' title="bbox 247 1606 1391 1700; baseline -0.005 -24"><span class='ocrx_word' id='word_1_81' title='bbox 247 1609 429 1700; x_wconf 73' lang='lat' dir='ltr'><strong>dsyndeton</strong></span> <span class='ocrx_word' id='word_1_82' title='bbox 463 1611 533 1675; x_wconf 93' lang='lat' dir='ltr'><strong>init.</strong></span> <span class='ocrx_word' id='word_1_83' title='bbox 566 1609 606 1674; x_wconf 88' lang='lat' dir='ltr'><strong>fr.</strong></span> <span class='ocrx_word' id='word_1_84' title='bbox 640 1607 719 1674; x_wconf 79' lang='lat' dir='ltr'><strong>Vlll</strong></span> <span class='ocrx_word' id='word_1_85' title='bbox 750 1607 795 1696; x_wconf 85' lang='lat' dir='ltr'><strong>(ll</strong></span> <span class='ocrx_word' id='word_1_86' title='bbox 827 1606 850 1697; x_wconf 66' lang='lat' dir='ltr'>S</span> <span class='ocrx_word' id='word_1_87' title='bbox 883 1608 940 1695; x_wconf 81' lang='lat'><strong>³4)</strong></span> <span class='ocrx_word' id='word_1_88' title='bbox 973 1608 1006 1674; x_wconf 91' lang='lat' dir='ltr'><strong>in</strong></span> <span class='ocrx_word' id='word_1_89' title='bbox 1042 1607 1164 1673; x_wconf 79' lang='lat' dir='ltr'><strong>verbis:</strong></span> <span class='ocrx_word' id='word_1_90' title='bbox 1197 1607 1253 1682; x_wconf 73' lang='grc' dir='ltr'><strong><em>την</em></strong></span> <span class='ocrx_word' id='word_1_91' title='bbox 1280 1607 1391 1672; x_wconf 78' lang='grc' dir='ltr'><strong><em>ούσέιιν</em></strong></span> 
     </span>
     <span class='ocr_line' id='line_1_12' title="bbox 200 1727 1389 1817; baseline -0.004 -20"><span class='ocrx_word' id='word_1_92' title='bbox 200 1731 477 1810; x_wconf 77' lang='grc' dir='ltr'><strong><em>μεγοιλύισλοντος.</em></strong></span> <span class='ocrx_word' id='word_1_93' title='bbox 509 1731 561 1797; x_wconf 79' lang='grc' dir='ltr'><strong><em>τὸν</em></strong></span> <span class='ocrx_word' id='word_1_94' title='bbox 590 1730 699 1810; x_wconf 77' lang='grc' dir='ltr'><strong><em>τρόπον</em></strong></span> <span class='ocrx_word' id='word_1_95' title='bbox 730 1729 925 1812; x_wconf 78' lang='grc' dir='ltr'><strong><em>ύτεριὶφοινος</em></strong></span> <span class='ocrx_word' id='word_1_96' title='bbox 956 1727 1047 1794; x_wconf 88' lang='lat' dir='ltr'><strong>tollas</strong></span> <span class='ocrx_word' id='word_1_97' title='bbox 1080 1727 1221 1794; x_wconf 90' lang='lat' dir='ltr'><strong>adhibito</strong></span> <span class='ocrx_word' id='word_1_98' title='bbox 1254 1727 1389 1817; x_wconf 86' lang='lat' dir='ltr'><strong>loco.p.</strong></span> 
     </span>
     <span class='ocr_line' id='line_1_13' title="bbox 204 1847 1393 1938; baseline -0.003 -20"><span class='ocrx_word' id='word_1_99' title='bbox 204 1858 266 1918; x_wconf 85' lang='lat'><strong>135</strong></span> <span class='ocrx_word' id='word_1_100' title='bbox 298 1875 342 1918; x_wconf 81' lang='lat' dir='ltr'><strong>rs.</strong></span> <span class='ocrx_word' id='word_1_101' title='bbox 374 1857 415 1918; x_wconf 86' lang='lat'><strong>27</strong></span> <span class='ocrx_word' id='word_1_102' title='bbox 428 1901 438 1932; x_wconf 91' lang='lat'>‚</span> <span class='ocrx_word' id='word_1_103' title='bbox 471 1851 526 1917; x_wconf 89' lang='lat' dir='ltr'><strong>ubi</strong></span> <span class='ocrx_word' id='word_1_104' title='bbox 557 1850 667 1917; x_wconf 88' lang='lat' dir='ltr'><strong>eadem</strong></span> <span class='ocrx_word' id='word_1_105' title='bbox 699 1863 885 1929; x_wconf 87' lang='lat' dir='ltr'><strong>recurrunt,</strong></span> <span class='ocrx_word' id='word_1_106' title='bbox 918 1849 978 1915; x_wconf 90' lang='lat' dir='ltr'><strong>nisi</strong></span> <span class='ocrx_word' id='word_1_107' title='bbox 1009 1848 1094 1938; x_wconf 93' lang='lat' dir='ltr'><strong>quod</strong></span> <span class='ocrx_word' id='word_1_108' title='bbox 1121 1847 1166 1914; x_wconf 91' lang='lat' dir='ltr'><strong>ibi</strong></span> <span class='ocrx_word' id='word_1_109' title='bbox 1190 1847 1276 1937; x_wconf 91' lang='lat' dir='ltr'><strong>prins</strong></span> <span class='ocrx_word' id='word_1_110' title='bbox 1298 1849 1330 1914; x_wconf 78' lang='grc' dir='ltr'><strong>δέ</strong></span> <span class='ocrx_word' id='word_1_111' title='bbox 1355 1849 1393 1914; x_wconf 90' lang='lat' dir='ltr'><strong>in</strong></span> 
     </span>
     <span class='ocr_line' id='line_1_14' title="bbox 201 1945 1388 2061; baseline -0.003 -23"><span class='ocrx_word' id='word_1_112' title='bbox 201 1973 257 2052; x_wconf 78' lang='grc' dir='ltr'><strong>μέν</strong></span> <span class='ocrx_word' id='word_1_113' title='bbox 287 1985 429 2038; x_wconf 89' lang='lat' dir='ltr'><strong>mutetur</strong></span> <span class='ocrx_word' id='word_1_114' title='bbox 458 1995 584 2038; x_wconf 87' lang='lat' dir='ltr'><strong>necesse</strong></span> <span class='ocrx_word' id='word_1_115' title='bbox 615 1983 681 2050; x_wconf 89' lang='lat' dir='ltr'><strong>cst,</strong></span> <span class='ocrx_word' id='word_1_116' title='bbox 713 1984 748 2036; x_wconf 88' lang='lat' dir='ltr'><strong>ut</strong></span> <span class='ocrx_word' id='word_1_117' title='bbox 780 1945 841 2036; x_wconf 80' lang='lat' dir='ltr'><strong>iani</strong></span> <span class='ocrx_word' id='word_1_118' title='bbox 867 1993 961 2061; x_wconf 87' lang='lat' dir='ltr'><strong>supra</strong></span> <span class='ocrx_word' id='word_1_119' title='bbox 985 1971 1107 2036; x_wconf 89' lang='lat' dir='ltr'><strong>monui.</strong></span> <span class='ocrx_word' id='word_1_120' title='bbox 1156 1967 1238 2034; x_wconf 92' lang='lat' dir='ltr'><strong>Ibid.</strong></span> <span class='ocrx_word' id='word_1_121' title='bbox 1263 1992 1296 2057; x_wconf 91' lang='lat' dir='ltr'><strong>p.</strong></span> <span class='ocrx_word' id='word_1_122' title='bbox 1324 1971 1388 2034; x_wconf 80' lang='lat'><strong>141</strong></span> 
     </span>
    </p>
   </div>
   <div class='ocr_carea' id='block_1_3' title="bbox 201 2087 1393 2184">
    <p class='ocr_par' dir='ltr' id='par_1_6' title="bbox 201 2087 1393 2184">
     <span class='ocr_line' id='line_1_15' title="bbox 201 2087 1393 2184; baseline -0.004 -25"><span class='ocrx_word' id='word_1_123' title='bbox 201 2117 246 2160; x_wconf 85' lang='lat' dir='ltr'><strong>rs.</strong></span> <span class='ocrx_word' id='word_1_124' title='bbox 273 2099 293 2158; x_wconf 81' lang='lat'>5</span> <span class='ocrx_word' id='word_1_125' title='bbox 318 2094 467 2183; x_wconf 88' lang='lat' dir='ltr'><strong>legimus:</strong></span> <span class='ocrx_word' id='word_1_126' title='bbox 495 2091 661 2170; x_wconf 75' lang='grc' dir='ltr'><strong><em>οἱνοὶγοιγος</em></strong></span> <span class='ocrx_word' id='word_1_127' title='bbox 678 2093 741 2172; x_wconf 75' lang='grc' dir='ltr'><strong>γὰρ</strong></span> <span class='ocrx_word' id='word_1_128' title='bbox 763 2092 814 2158; x_wconf 82' lang='grc' dir='ltr'><strong>κού</strong></span> <span class='ocrx_word' id='word_1_129' title='bbox 840 2091 1225 2184; x_wconf 75' lang='grc' dir='ltr'><strong><em>ύοσοιιδεντύτροτος</em></strong></span> <span class='ocrx_word' id='word_1_130' title='bbox 1249 2087 1393 2165; x_wconf 78' lang='grc' dir='ltr'><strong><em>έξουσέοις</em></strong></span> 
     </span>
    </p>
   </div>
   <div class='ocr_carea' id='block_1_4' title="bbox 133 2211 1395 4710">
    <p class='ocr_par' dir='ltr' id='par_1_7' title="bbox 200 2211 1394 2884">
     <span class='ocr_line' id='line_1_16' title="bbox 201 2211 1394 2295; baseline -0.002 -17"><span class='ocrx_word' id='word_1_131' title='bbox 201 2214 405 2279; x_wconf 70' lang='grc' dir='ltr'><strong><em>ἀνυπευθύνου</em></strong></span> <span class='ocrx_word' id='word_1_132' title='bbox 443 2211 496 2278; x_wconf 78' lang='grc' dir='ltr'><strong>κιο)</strong></span> <span class='ocrx_word' id='word_1_133' title='bbox 535 2212 639 2286; x_wconf 81' lang='grc' dir='ltr'><strong><em>ούσέοις</em></strong></span> <span class='ocrx_word' id='word_1_134' title='bbox 678 2214 937 2291; x_wconf 75' lang='grc' dir='ltr'><strong><em>μεγοιλοοτλούτου</em></strong></span> <span class='ocrx_word' id='word_1_135' title='bbox 966 2214 1127 2295; x_wconf 76' lang='grc' dir='ltr'><strong><em>κυριεύσας</em></strong></span> <span class='ocrx_word' id='word_1_136' title='bbox 1160 2211 1195 2276; x_wconf 77' lang='grc' dir='ltr'><strong><em>τύ</em></strong></span> <span class='ocrx_word' id='word_1_137' title='bbox 1225 2211 1283 2290; x_wconf 78' lang='grc' dir='ltr'><strong>μὲν</strong></span> <span class='ocrx_word' id='word_1_138' title='bbox 1311 2217 1394 2292; x_wconf 79' lang='grc' dir='ltr'><strong><em>πρῶ·</em></strong></span> 
     </span>
     <span class='ocr_line' id='line_1_17' title="bbox 201 2327 1393 2414; baseline -0.003 -14"><span class='ocrx_word' id='word_1_139' title='bbox 201 2357 252 2400; x_wconf 91' lang='grc' dir='ltr'><strong><em>τον</em></strong></span> <span class='ocrx_word' id='word_1_140' title='bbox 269 2333 351 2414; x_wconf 86' lang='grc' dir='ltr'><strong><em>κύρον</em></strong></span> <span class='ocrx_word' id='word_1_141' title='bbox 369 2333 547 2412; x_wconf 79' lang='grc' dir='ltr'><strong><em>ἐγέννησεν,</em></strong></span> <span class='ocrx_word' id='word_1_142' title='bbox 576 2327 629 2398; x_wconf 74' lang='grc' dir='ltr'><strong><em>εἷθ’</em></strong></span> <span class='ocrx_word' id='word_1_143' title='bbox 650 2329 754 2413; x_wconf 79' lang='grc' dir='ltr'><strong><em>ύβριν,</em></strong></span> <span class='ocrx_word' id='word_1_144' title='bbox 774 2333 809 2398; x_wconf 79' lang='grc' dir='ltr'><strong><em>τὸ</em></strong></span> <span class='ocrx_word' id='word_1_145' title='bbox 829 2333 861 2399; x_wconf 74' lang='grc' dir='ltr'><strong>δέ</strong></span> <span class='ocrx_word' id='word_1_146' title='bbox 880 2343 1057 2400; x_wconf 72' lang='grc' dir='ltr'><strong><em>τελευταῖον</em></strong></span> <span class='ocrx_word' id='word_1_147' title='bbox 1076 2333 1190 2414; x_wconf 79' lang='grc' dir='ltr'><strong><em>ύλεύρον</em></strong></span> <span class='ocrx_word' id='word_1_148' title='bbox 1208 2332 1311 2412; x_wconf 78' lang='grc' dir='ltr'><strong><em>οιύτῷ</em></strong></span> <span class='ocrx_word' id='word_1_149' title='bbox 1335 2334 1393 2397; x_wconf 73' lang='grc' dir='ltr'><strong><em>κοιὶ</em></strong></span> 
     </span>
     <span class='ocr_line' id='line_1_18' title="bbox 201 2450 1391 2541; baseline -0.003 -21"><span class='ocrx_word' id='word_1_150' title='bbox 201 2454 364 2538; x_wconf 74' lang='grc' dir='ltr'><strong><em>συμφορὰς</em></strong></span> <span class='ocrx_word' id='word_1_151' title='bbox 383 2451 534 2532; x_wconf 76' lang='grc' dir='ltr'><strong><em>μεγύλοις</em></strong></span> <span class='ocrx_word' id='word_1_152' title='bbox 553 2462 591 2536; x_wconf 70' lang='grc' dir='ltr'><strong><em>τῇ</em></strong></span> <span class='ocrx_word' id='word_1_153' title='bbox 612 2453 744 2533; x_wconf 74' lang='grc' dir='ltr'><strong><em>τοιτρέδι.</em></strong></span> <span class='ocrx_word' id='word_1_154' title='bbox 773 2455 860 2539; x_wconf 78' lang='lat' dir='ltr'><strong>Quae</strong></span> <span class='ocrx_word' id='word_1_155' title='bbox 877 2454 971 2520; x_wconf 83' lang='lat' dir='ltr'><strong>rerba</strong></span> <span class='ocrx_word' id='word_1_156' title='bbox 983 2455 1027 2520; x_wconf 93' lang='lat' dir='ltr'><strong>sic</strong></span> <span class='ocrx_word' id='word_1_157' title='bbox 1044 2456 1077 2520; x_wconf 93' lang='lat' dir='ltr'><strong>in</strong></span> <span class='ocrx_word' id='word_1_158' title='bbox 1089 2453 1230 2520; x_wconf 81' lang='lat' dir='ltr'><strong>ordinem</strong></span> <span class='ocrx_word' id='word_1_159' title='bbox 1244 2450 1391 2541; x_wconf 77' lang='lat' dir='ltr'><strong>redigas,</strong></span> 
     </span>
     <span class='ocr_line' id='line_1_19' title="bbox 201 2571 1394 2656; baseline 0.003 -16"><span class='ocrx_word' id='word_1_160' title='bbox 201 2588 236 2641; x_wconf 89' lang='lat' dir='ltr'><strong>ut</strong></span> <span class='ocrx_word' id='word_1_161' title='bbox 267 2575 441 2641; x_wconf 76' lang='lat' dir='ltr'><strong>scribatur:</strong></span> <span class='ocrx_word' id='word_1_162' title='bbox 475 2573 721 2646; x_wconf 71' lang='grc' dir='ltr'><strong><em>ιὶτοιύδευτος</em></strong></span> <span class='ocrx_word' id='word_1_163' title='bbox 753 2573 896 2656; x_wconf 87' lang='grc' dir='ltr'><strong><em>τρύτος</em></strong></span> <span class='ocrx_word' id='word_1_164' title='bbox 929 2571 1067 2652; x_wconf 75' lang='grc' dir='ltr'><strong><em>ἐξουοίοος</em></strong></span> <span class='ocrx_word' id='word_1_165' title='bbox 1096 2571 1297 2640; x_wconf 82' lang='grc' dir='ltr'><strong><em>ύνννιευύύνου</em></strong></span> <span class='ocrx_word' id='word_1_166' title='bbox 1319 2575 1394 2644; x_wconf 84' lang='grc' dir='ltr'><strong>κσὲ.</strong></span> 
     </span>
     <span class='ocr_line' id='line_1_20' title="bbox 201 2693 1391 2787; baseline -0.001 -26"><span class='ocrx_word' id='word_1_167' title='bbox 201 2697 368 2787; x_wconf 67' lang='lat' dir='ltr'><strong>vulgatam</strong></span> <span class='ocrx_word' id='word_1_168' title='bbox 382 2695 550 2762; x_wconf 87' lang='lat' dir='ltr'><strong>lectionem</strong></span> <span class='ocrx_word' id='word_1_169' title='bbox 563 2717 656 2784; x_wconf 89' lang='lat' dir='ltr'><strong>supra</strong></span> <span class='ocrx_word' id='word_1_170' title='bbox 668 2717 765 2784; x_wconf 86' lang='lat' dir='ltr'><strong>quam</strong></span> <span class='ocrx_word' id='word_1_171' title='bbox 784 2695 846 2762; x_wconf 93' lang='lat' dir='ltr'><strong>dici</strong></span> <span class='ocrx_word' id='word_1_172' title='bbox 859 2697 956 2786; x_wconf 84' lang='lat' dir='ltr'><strong>possit</strong></span> <span class='ocrx_word' id='word_1_173' title='bbox 969 2695 1136 2762; x_wconf 88' lang='lat' dir='ltr'><strong>absurdam</strong></span> <span class='ocrx_word' id='word_1_174' title='bbox 1149 2719 1235 2776; x_wconf 86' lang='lat' dir='ltr'><strong>esse,</strong></span> <span class='ocrx_word' id='word_1_175' title='bbox 1256 2693 1391 2761; x_wconf 85' lang='lat' dir='ltr'><strong>difficile</strong></span> 
     </span>
     <span class='ocr_line' id='line_1_21' title="bbox 200 2816 473 2884; baseline 0 -1"><span class='ocrx_word' id='word_1_176' title='bbox 200 2831 331 2884; x_wconf 89' lang='lat' dir='ltr'><strong>estnon</strong></span> <span class='ocrx_word' id='word_1_177' title='bbox 357 2816 473 2883; x_wconf 81' lang='lat' dir='ltr'><strong>videre.</strong></span> 
     </span>
    </p>

    <p class='ocr_par' dir='ltr' id='par_1_8' title="bbox 202 2935 1391 3145">
     <span class='ocr_line' id='line_1_22' title="bbox 245 2935 1391 3028; baseline 0.002 -26"><span class='ocrx_word' id='word_1_178' title='bbox 245 2937 298 3002; x_wconf 78' lang='lat' dir='ltr'><strong>rr.</strong></span> <span class='ocrx_word' id='word_1_179' title='bbox 332 2936 411 3001; x_wconf 77' lang='lat' dir='ltr'><strong>Vlll</strong></span> <span class='ocrx_word' id='word_1_180' title='bbox 436 2936 481 3022; x_wconf 92' lang='lat' dir='ltr'><strong>(Il</strong></span> <span class='ocrx_word' id='word_1_181' title='bbox 505 2935 528 3025; x_wconf 67' lang='lat' dir='ltr'>S</span> <span class='ocrx_word' id='word_1_182' title='bbox 554 2937 611 3024; x_wconf 86' lang='grc'><strong>35)</strong></span> <span class='ocrx_word' id='word_1_183' title='bbox 637 2937 748 3028; x_wconf 80' lang='lat' dir='ltr'><strong>supple</strong></span> <span class='ocrx_word' id='word_1_184' title='bbox 771 2960 844 3004; x_wconf 89' lang='lat' dir='ltr'><strong>oum</strong></span> <span class='ocrx_word' id='word_1_185' title='bbox 868 2936 982 3004; x_wconf 79' lang='lat' dir='ltr'><strong>Diod:</strong></span> <span class='ocrx_word' id='word_1_186' title='bbox 1008 2941 1066 3004; x_wconf 79' lang='grc' dir='ltr'><strong><em>τῶν</em></strong></span> <span class='ocrx_word' id='word_1_187' title='bbox 1090 2937 1248 3020; x_wconf 74' lang='grc' dir='ltr'><strong><em>ἐλευθέριον</em></strong></span> <span class='ocrx_word' id='word_1_188' title='bbox 1270 2938 1328 3018; x_wconf 77' lang='grc' dir='ltr'><strong>μέν</strong></span> <span class='ocrx_word' id='word_1_189' title='bbox 1355 2939 1391 3004; x_wconf 85' lang='grc' dir='ltr'><strong>έν</strong></span> 
     </span>
     <span class='ocr_line' id='line_1_23' title="bbox 202 3057 716 3145; baseline 0.004 -22"><span class='ocrx_word' id='word_1_190' title='bbox 202 3057 300 3145; x_wconf 62' lang='lat' dir='ltr'><strong>(rore)</strong></span> <span class='ocrx_word' id='word_1_191' title='bbox 326 3057 453 3140; x_wconf 79' lang='grc' dir='ltr'><strong><em>τοιτρέοι</em></strong></span> <span class='ocrx_word' id='word_1_192' title='bbox 476 3059 716 3138; x_wconf 80' lang='grc' dir='ltr'><strong><em>γεγεννημένων.</em></strong></span> 
     </span>
    </p>

    <p class='ocr_par' dir='ltr' id='par_1_9' title="bbox 133 3177 1395 4476">
     <span class='ocr_line' id='line_1_24' title="bbox 245 3177 1392 3268; baseline 0 -24"><span class='ocrx_word' id='word_1_193' title='bbox 245 3179 297 3245; x_wconf 75' lang='lat' dir='ltr'><strong>rr.</strong></span> <span class='ocrx_word' id='word_1_194' title='bbox 332 3179 375 3244; x_wconf 85' lang='lat' dir='ltr'><strong>lll</strong></span> <span class='ocrx_word' id='word_1_195' title='bbox 410 3191 488 3245; x_wconf 81' lang='lat' dir='ltr'><strong>extr.</strong></span> <span class='ocrx_word' id='word_1_196' title='bbox 524 3178 559 3268; x_wconf 61' lang='lat' dir='ltr'><strong>(ss</strong></span> <span class='ocrx_word' id='word_1_197' title='bbox 593 3178 671 3268; x_wconf 85' lang='lat'>37):</span> <span class='ocrx_word' id='word_1_198' title='bbox 704 3180 757 3244; x_wconf 82' lang='grc' dir='ltr'><strong>κού</strong></span> <span class='ocrx_word' id='word_1_199' title='bbox 782 3178 989 3258; x_wconf 78' lang='grc' dir='ltr'><strong><em>διοινιιιβύντες</em></strong></span> <span class='ocrx_word' id='word_1_200' title='bbox 1013 3179 1108 3258; x_wconf 68' lang='grc' dir='ltr'><strong><em>μηδὲν</em></strong></span> <span class='ocrx_word' id='word_1_201' title='bbox 1133 3177 1178 3246; x_wconf 81' lang='grc' dir='ltr'><strong><em>ἔτι</em></strong></span> <span class='ocrx_word' id='word_1_202' title='bbox 1202 3187 1302 3260; x_wconf 77' lang='grc' dir='ltr'><strong><em>χεῖρον</em></strong></span> <span class='ocrx_word' id='word_1_203' title='bbox 1326 3185 1392 3245; x_wconf 82' lang='grc' dir='ltr'><strong><em>τῶν</em></strong></span> 
     </span>
     <span class='ocr_line' id='line_1_25' title="bbox 198 3299 1391 3387; baseline 0.002 -21"><span class='ocrx_word' id='word_1_204' title='bbox 198 3299 352 3382; x_wconf 72' lang='grc' dir='ltr'><strong><em>παρέντων</em></strong></span> <span class='ocrx_word' id='word_1_205' title='bbox 387 3303 491 3374; x_wconf 74' lang='lat' dir='ltr'><strong>adroic</strong></span> <span class='ocrx_word' id='word_1_206' title='bbox 524 3305 624 3366; x_wconf 79' lang='grc' dir='ltr'><strong><em>κυκῶν</em></strong></span> <span class='ocrx_word' id='word_1_207' title='bbox 646 3301 879 3376; x_wconf 79' lang='grc' dir='ltr'><strong><em>ύτοιντύσεσύιιι</em></strong></span> <span class='ocrx_word' id='word_1_208' title='bbox 905 3357 920 3387; x_wconf 41' lang='lat' dir='ltr'><strong>g</strong></span> <span class='ocrx_word' id='word_1_209' title='bbox 947 3351 976 3386; x_wconf 41' lang='lat' dir='ltr'><strong>g.</strong></span> <span class='ocrx_word' id='word_1_210' title='bbox 1027 3300 1118 3386; x_wconf 80' lang='lat' dir='ltr'><strong>Quod</strong></span> <span class='ocrx_word' id='word_1_211' title='bbox 1141 3299 1229 3366; x_wconf 88' lang='lat' dir='ltr'><strong>deest</strong></span> <span class='ocrx_word' id='word_1_212' title='bbox 1253 3299 1391 3368; x_wconf 79' lang='lat' dir='ltr'><strong>verbum</strong></span> 
     </span>
     <span class='ocr_line' id='line_1_26' title="bbox 198 3417 1393 3511; baseline 0.003 -27"><span class='ocrx_word' id='word_1_213' title='bbox 198 3419 248 3484; x_wconf 81' lang='lat' dir='ltr'><strong>vir</strong></span> <span class='ocrx_word' id='word_1_214' title='bbox 279 3417 363 3485; x_wconf 88' lang='lat' dir='ltr'><strong>aliud</strong></span> <span class='ocrx_word' id='word_1_215' title='bbox 388 3419 448 3484; x_wconf 87' lang='lat' dir='ltr'><strong>lnit</strong></span> <span class='ocrx_word' id='word_1_216' title='bbox 472 3441 568 3509; x_wconf 88' lang='lat' dir='ltr'><strong>quam</strong></span> <span class='ocrx_word' id='word_1_217' title='bbox 591 3419 788 3498; x_wconf 79' lang='grc' dir='ltr'><strong><em>ύιιέοτηοιιν,</em></strong></span> <span class='ocrx_word' id='word_1_218' title='bbox 812 3421 865 3486; x_wconf 93' lang='lat' dir='ltr'><strong>cui</strong></span> <span class='ocrx_word' id='word_1_219' title='bbox 888 3422 1063 3510; x_wconf 84' lang='lat' dir='ltr'><strong>perniciosa</strong></span> <span class='ocrx_word' id='word_1_220' title='bbox 1087 3421 1147 3486; x_wconf 85' lang='lat' dir='ltr'><strong>luit</strong></span> <span class='ocrx_word' id='word_1_221' title='bbox 1169 3419 1393 3511; x_wconf 85' lang='lat' dir='ltr'><strong>praecedentis</strong></span> 
     </span>
     <span class='ocr_line' id='line_1_27' title="bbox 133 3539 1393 3632; baseline 0.002 -27"><span class='ocrx_word' id='word_1_222' title='bbox 133 3569 136 3578; x_wconf 95' lang='lat'>·</span> <span class='ocrx_word' id='word_1_223' title='bbox 198 3539 343 3606; x_wconf 80' lang='lat' dir='ltr'><strong>vocabuli</strong></span> <span class='ocrx_word' id='word_1_224' title='bbox 365 3540 491 3606; x_wconf 79' lang='lat' dir='ltr'><strong>vicinia.</strong></span> <span class='ocrx_word' id='word_1_225' title='bbox 531 3540 680 3626; x_wconf 78' lang='lat' dir='ltr'><strong>Quamvis</strong></span> <span class='ocrx_word' id='word_1_226' title='bbox 704 3540 799 3606; x_wconf 90' lang='lat' dir='ltr'><strong>simili</strong></span> <span class='ocrx_word' id='word_1_227' title='bbox 821 3541 963 3630; x_wconf 89' lang='lat' dir='ltr'><strong>periculo</strong></span> <span class='ocrx_word' id='word_1_228' title='bbox 986 3565 1050 3608; x_wconf 92' lang='lat' dir='ltr'><strong>non</strong></span> <span class='ocrx_word' id='word_1_229' title='bbox 1071 3543 1247 3632; x_wconf 87' lang='lat' dir='ltr'><strong>expositum</strong></span> <span class='ocrx_word' id='word_1_230' title='bbox 1266 3539 1393 3608; x_wconf 82' lang='lat' dir='ltr'><strong>ridebis</strong></span> 
     </span>
     <span class='ocr_line' id='line_1_28' title="bbox 197 3659 1390 3752; baseline 0.001 -25"><span class='ocrx_word' id='word_1_231' title='bbox 197 3661 324 3750; x_wconf 87' lang='lat' dir='ltr'><strong>periisse</strong></span> <span class='ocrx_word' id='word_1_232' title='bbox 345 3662 546 3752; x_wconf 89' lang='lat' dir='ltr'><strong>participium</strong></span> <span class='ocrx_word' id='word_1_233' title='bbox 569 3661 795 3740; x_wconf 72' lang='grc' dir='ltr'><strong><em>γεγενημένους</em></strong></span> <span class='ocrx_word' id='word_1_234' title='bbox 818 3662 852 3726; x_wconf 91' lang='lat' dir='ltr'><strong>in</strong></span> <span class='ocrx_word' id='word_1_235' title='bbox 874 3661 915 3726; x_wconf 91' lang='lat' dir='ltr'><strong>fr.</strong></span> <span class='ocrx_word' id='word_1_236' title='bbox 942 3661 1021 3727; x_wconf 83' lang='lat' dir='ltr'><strong>Xlll</strong></span> <span class='ocrx_word' id='word_1_237' title='bbox 1040 3659 1076 3751; x_wconf 69' lang='lat' dir='ltr'><strong>(S</strong></span> <span class='ocrx_word' id='word_1_238' title='bbox 1100 3662 1157 3748; x_wconf 84' lang='grc'><strong>41)</strong></span> <span class='ocrx_word' id='word_1_239' title='bbox 1180 3675 1250 3752; x_wconf 89' lang='lat' dir='ltr'><strong>post</strong></span> <span class='ocrx_word' id='word_1_240' title='bbox 1269 3668 1390 3745; x_wconf 77' lang='grc' dir='ltr'><strong><em>φιλοιν·</em></strong></span> 
     </span>
     <span class='ocr_line' id='line_1_29' title="bbox 197 3780 1394 3865; baseline 0.002 -19"><span class='ocrx_word' id='word_1_241' title='bbox 197 3784 326 3862; x_wconf 85' lang='grc' dir='ltr'><strong><em>ύρύντους</em></strong></span> <span class='ocrx_word' id='word_1_242' title='bbox 349 3783 382 3848; x_wconf 92' lang='lat' dir='ltr'><strong>in</strong></span> <span class='ocrx_word' id='word_1_243' title='bbox 406 3781 528 3848; x_wconf 82' lang='lat' dir='ltr'><strong>verbis:</strong></span> <span class='ocrx_word' id='word_1_244' title='bbox 555 3784 661 3865; x_wconf 68' lang='grc' dir='ltr'><strong><em>ἀφῆκε</em></strong></span> <span class='ocrx_word' id='word_1_245' title='bbox 682 3784 753 3856; x_wconf 82' lang='grc' dir='ltr'><strong><em>τοὺς</em></strong></span> <span class='ocrx_word' id='word_1_246' title='bbox 777 3782 807 3848; x_wconf 85' lang='grc' dir='ltr'><strong>έν</strong></span> <span class='ocrx_word' id='word_1_247' title='bbox 830 3791 892 3856; x_wconf 82' lang='grc' dir='ltr'><strong><em>τοῖς</em></strong></span> <span class='ocrx_word' id='word_1_248' title='bbox 918 3780 1084 3864; x_wconf 85' lang='grc' dir='ltr'><strong><em>έμτροούεν</em></strong></span> <span class='ocrx_word' id='word_1_249' title='bbox 1107 3782 1224 3864; x_wconf 79' lang='grc' dir='ltr'><strong><em>χρόνοις</em></strong></span> <span class='ocrx_word' id='word_1_250' title='bbox 1243 3820 1288 3832; x_wconf 90' lang='grc'><strong>--</strong></span> <span class='ocrx_word' id='word_1_251' title='bbox 1309 3783 1394 3848; x_wconf 74' lang='grc' dir='ltr'><strong><em>σύντο-</em></strong></span> 
     </span>
     <span class='ocr_line' id='line_1_30' title="bbox 197 3901 1389 3992; baseline 0 -24"><span class='ocrx_word' id='word_1_252' title='bbox 197 3901 395 3981; x_wconf 75' lang='grc' dir='ltr'><strong><em>δεδεγμένους</em></strong></span> <span class='ocrx_word' id='word_1_253' title='bbox 419 3903 512 3968; x_wconf 80' lang='grc' dir='ltr'><strong><em>οούτύν</em></strong></span> <span class='ocrx_word' id='word_1_254' title='bbox 536 3905 566 3970; x_wconf 88' lang='grc' dir='ltr'><strong>έν</strong></span> <span class='ocrx_word' id='word_1_255' title='bbox 592 3904 628 3991; x_wconf 85' lang='lat' dir='ltr'><strong>(l.</strong></span> <span class='ocrx_word' id='word_1_256' title='bbox 655 3903 720 3992; x_wconf 76' lang='grc' dir='ltr'><strong>ἐπὶ)</strong></span> <span class='ocrx_word' id='word_1_257' title='bbox 742 3913 781 3987; x_wconf 69' lang='grc' dir='ltr'><strong><em>τῇ</em></strong></span> <span class='ocrx_word' id='word_1_258' title='bbox 810 3903 871 3992; x_wconf 88' lang='grc' dir='ltr'><strong><em>[σε]</em></strong></span> <span class='ocrx_word' id='word_1_259' title='bbox 900 3913 1034 3986; x_wconf 71' lang='grc' dir='ltr'><strong><em>μοιντικῇ</em></strong></span> <span class='ocrx_word' id='word_1_260' title='bbox 1060 3903 1112 3969; x_wconf 81' lang='grc' dir='ltr'><strong>κού</strong></span> <span class='ocrx_word' id='word_1_261' title='bbox 1136 3905 1221 3970; x_wconf 80' lang='grc' dir='ltr'><strong><em>κοτύο</em></strong></span> <span class='ocrx_word' id='word_1_262' title='bbox 1244 3903 1304 3978; x_wconf 80' lang='grc' dir='ltr'><strong>τοίς</strong></span> <span class='ocrx_word' id='word_1_263' title='bbox 1327 3913 1389 3980; x_wconf 76' lang='grc' dir='ltr'><strong><em>τῆς</em></strong></span> 
     </span>
     <span class='ocr_line' id='line_1_31' title="bbox 196 4022 1392 4115; baseline 0.003 -24"><span class='ocrx_word' id='word_1_264' title='bbox 196 4022 349 4106; x_wconf 84' lang='grc' dir='ltr'><strong><em>σροισέζης</em></strong></span> <span class='ocrx_word' id='word_1_265' title='bbox 380 4022 476 4097; x_wconf 78' lang='grc' dir='ltr'><strong><em>δύσεις</em></strong></span> <span class='ocrx_word' id='word_1_266' title='bbox 507 4025 757 4108; x_wconf 80' lang='grc' dir='ltr'><strong><em>Φιλονύρύτους,</em></strong></span> <span class='ocrx_word' id='word_1_267' title='bbox 792 4025 854 4090; x_wconf 87' lang='lat' dir='ltr'><strong>sire</strong></span> <span class='ocrx_word' id='word_1_268' title='bbox 883 4024 1026 4090; x_wconf 89' lang='lat' dir='ltr'><strong>librarios</strong></span> <span class='ocrx_word' id='word_1_269' title='bbox 1059 4025 1123 4091; x_wconf 85' lang='lat' dir='ltr'><strong>sire</strong></span> <span class='ocrx_word' id='word_1_270' title='bbox 1145 4027 1392 4115; x_wconf 87' lang='lat' dir='ltr'><strong>epitomatorem</strong></span> 
     </span>
     <span class='ocr_line' id='line_1_32' title="bbox 195 4143 1390 4235; baseline 0.002 -23"><span class='ocrx_word' id='word_1_271' title='bbox 195 4143 289 4212; x_wconf 87' lang='lat' dir='ltr'><strong>huius</strong></span> <span class='ocrx_word' id='word_1_272' title='bbox 319 4143 529 4232; x_wconf 78' lang='lat' dir='ltr'><strong>negligentiae</strong></span> <span class='ocrx_word' id='word_1_273' title='bbox 562 4167 709 4210; x_wconf 88' lang='lat' dir='ltr'><strong>accusare</strong></span> <span class='ocrx_word' id='word_1_274' title='bbox 739 4143 841 4211; x_wconf 90' lang='lat' dir='ltr'><strong>malis.</strong></span> <span class='ocrx_word' id='word_1_275' title='bbox 891 4145 926 4212; x_wconf 89' lang='lat' dir='ltr'><strong>Si</strong></span> <span class='ocrx_word' id='word_1_276' title='bbox 950 4145 1019 4235; x_wconf 90' lang='lat' dir='ltr'><strong>qais</strong></span> <span class='ocrx_word' id='word_1_277' title='bbox 1044 4169 1080 4211; x_wconf 90' lang='grc' dir='ltr'><strong>τε</strong></span> <span class='ocrx_word' id='word_1_278' title='bbox 1104 4145 1292 4212; x_wconf 82' lang='lat' dir='ltr'><strong>serrandum</strong></span> <span class='ocrx_word' id='word_1_279' title='bbox 1316 4169 1390 4214; x_wconf 83' lang='lat' dir='ltr'><strong>esse</strong></span> 
     </span>
     <span class='ocr_line' id='line_1_33' title="bbox 193 4263 1395 4357; baseline 0 -24"><span class='ocrx_word' id='word_1_280' title='bbox 193 4267 336 4344; x_wconf 84' lang='lat' dir='ltr'><strong>duxerit,</strong></span> <span class='ocrx_word' id='word_1_281' title='bbox 372 4276 576 4354; x_wconf 85' lang='lat' dir='ltr'><strong>transponere</strong></span> <span class='ocrx_word' id='word_1_282' title='bbox 606 4265 686 4330; x_wconf 89' lang='lat' dir='ltr'><strong>illud</strong></span> <span class='ocrx_word' id='word_1_283' title='bbox 719 4263 847 4331; x_wconf 88' lang='lat' dir='ltr'><strong>debebit</strong></span> <span class='ocrx_word' id='word_1_284' title='bbox 878 4279 950 4332; x_wconf 89' lang='lat' dir='ltr'><strong>ante</strong></span> <span class='ocrx_word' id='word_1_285' title='bbox 978 4265 1083 4332; x_wconf 85' lang='grc' dir='ltr'><strong><em>οιύτύν.</em></strong></span> <span class='ocrx_word' id='word_1_286' title='bbox 1133 4267 1200 4356; x_wconf 81' lang='lat' dir='ltr'><strong>llgo</strong></span> <span class='ocrx_word' id='word_1_287' title='bbox 1232 4265 1395 4357; x_wconf 86' lang='lat' dir='ltr'><strong>dittogra-</strong></span> 
     </span>
     <span class='ocr_line' id='line_1_34' title="bbox 194 4386 927 4476; baseline -0.001 -23"><span class='ocrx_word' id='word_1_288' title='bbox 194 4387 287 4476; x_wconf 92' lang='lat' dir='ltr'><strong>phine</strong></span> <span class='ocrx_word' id='word_1_289' title='bbox 310 4386 464 4476; x_wconf 88' lang='lat' dir='ltr'><strong>originem</strong></span> <span class='ocrx_word' id='word_1_290' title='bbox 484 4386 573 4451; x_wconf 89' lang='lat' dir='ltr'><strong>istius</strong></span> <span class='ocrx_word' id='word_1_291' title='bbox 596 4386 727 4452; x_wconf 81' lang='lat' dir='ltr'><strong>voculae</strong></span> <span class='ocrx_word' id='word_1_292' title='bbox 750 4387 927 4452; x_wconf 87' lang='lat' dir='ltr'><strong>tribuerim.</strong></span> 
     </span>
    </p>

    <p class='ocr_par' dir='ltr' id='par_1_10' title="bbox 195 4506 1392 4710">
     <span class='ocr_line' id='line_1_35' title="bbox 241 4506 1392 4598; baseline 0.007 -28"><span class='ocrx_word' id='word_1_293' title='bbox 241 4507 292 4574; x_wconf 82' lang='lat' dir='ltr'><strong>Fr.</strong></span> <span class='ocrx_word' id='word_1_294' title='bbox 320 4508 347 4572; x_wconf 87' lang='lat' dir='ltr'>X</span> <span class='ocrx_word' id='word_1_295' title='bbox 370 4519 450 4575; x_wconf 84' lang='lat' dir='ltr'><strong>extr.</strong></span> <span class='ocrx_word' id='word_1_296' title='bbox 475 4507 594 4598; x_wconf 89' lang='lat' dir='ltr'><strong>optime</strong></span> <span class='ocrx_word' id='word_1_297' title='bbox 617 4507 674 4572; x_wconf 85' lang='lat' dir='ltr'><strong>riri</strong></span> <span class='ocrx_word' id='word_1_298' title='bbox 698 4506 783 4573; x_wconf 90' lang='lat' dir='ltr'><strong>docti</strong></span> <span class='ocrx_word' id='word_1_299' title='bbox 802 4507 986 4574; x_wconf 81' lang='lat' dir='ltr'><strong>deleverunt</strong></span> <span class='ocrx_word' id='word_1_300' title='bbox 1006 4508 1079 4573; x_wconf 73' lang='grc' dir='ltr'><strong>ἀλλ’</strong></span> <span class='ocrx_word' id='word_1_301' title='bbox 1100 4519 1131 4574; x_wconf 88' lang='lat' dir='ltr'><strong>et</strong></span> <span class='ocrx_word' id='word_1_302' title='bbox 1151 4508 1223 4584; x_wconf 80' lang='grc' dir='ltr'><strong><em>κού,</em></strong></span> <span class='ocrx_word' id='word_1_303' title='bbox 1246 4531 1392 4598; x_wconf 88' lang='lat' dir='ltr'><strong>quorum</strong></span> 
     </span>
     <span class='ocr_line' id='line_1_36' title="bbox 195 4624 1230 4710; baseline 0.011 -23"><span class='ocrx_word' id='word_1_304' title='bbox 195 4624 256 4689; x_wconf 90' lang='lat' dir='ltr'><strong>boo</strong></span> <span class='ocrx_word' id='word_1_305' title='bbox 281 4625 414 4708; x_wconf 88' lang='lat' dir='ltr'><strong>debetur</strong></span> <span class='ocrx_word' id='word_1_306' title='bbox 438 4629 532 4698; x_wconf 86' lang='lat' dir='ltr'><strong>Maio.</strong></span> <span class='ocrx_word' id='word_1_307' title='bbox 583 4625 714 4709; x_wconf 79' lang='lat' dir='ltr'><strong>Videas,</strong></span> <span class='ocrx_word' id='word_1_308' title='bbox 740 4631 765 4695; x_wconf 87' lang='lat' dir='ltr'><strong>si</strong></span> <span class='ocrx_word' id='word_1_309' title='bbox 789 4631 869 4696; x_wconf 85' lang='lat' dir='ltr'><strong>tanti</strong></span> <span class='ocrx_word' id='word_1_310' title='bbox 892 4642 957 4710; x_wconf 89' lang='lat' dir='ltr'><strong>est,</strong></span> <span class='ocrx_word' id='word_1_311' title='bbox 983 4628 1088 4696; x_wconf 86' lang='lat' dir='ltr'><strong>collat.</strong></span> <span class='ocrx_word' id='word_1_312' title='bbox 1116 4653 1230 4700; x_wconf 87' lang='lat' dir='ltr'><strong>meam.</strong></span> 
     </span>
    </p>
   </div>
   <div class='ocr_carea' id='block_1_5' title="bbox 0 0 1470 5004">
    <p class='ocr_par' dir='ltr' id='par_1_11' title="bbox 0 0 1470 5004">
     <span class='ocr_line' id='line_1_37' title="bbox 0 0 1470 5004; baseline 0 1"><span class='ocrx_word' id='word_1_313' title='bbox 0 0 1470 5004; x_wconf 95' lang='lat' dir='ltr'><strong> </strong></span> 
     </span>
    </p>
   </div>
  </div>
 </body>
</html>
