2998 4998
777 342 817 415 46

247 525 378 596 Certum
410 541 456 596 est
486 529 580 596 infr.
606 527 743 597 XXXIII
768 527 867 620 (XIX)
893 551 937 596 vs.
967 532 1008 597 10
1031 531 1114 600 male
1138 530 1252 599 scribi:
1278 532 1396 600 ἐκεῖθεν

200 647 378 733 deciperem
412 651 449 715 ἐν
484 651 607 734 ‘Pupp
639 673 697 741 pro
730 651 772 724 εἰς
809 651 926 730 Ῥώμην
960 663 992 718 et
1026 675 1072 721 re.
1112 657 1153 719 12
1189 653 1306 719 rerba:
1335 653 1396 720 aet

200 771 367 837 ἀπωλεσσιν
391 775 465 846 νωῦρ
493 771 618 854 conpote
642 771 750 837 ἑιωισὸν
773 771 964 847 esuriemve
987 771 1039 838 κσιὶ
1062 773 1118 848 τὴν
1135 769 1238 850 ἄλλην
1256 771 1395 840 ἅπασαν

199 897 259 958 τῶν
288 893 486 972 ἱσσσμωγῶν
515 889 568 958 neri
599 889 770 973 λσφύρων
800 913 914 957 menca
946 904 978 958 et
1009 905 1156 983 corrupta
1183 917 1249 962 esse
1273 895 1391 962 afinc.
1487 981 1488 992 ἵ

201 1010 431 1104 Corrigendum
454 1011 578 1080 ridetur
598 1013 877 1094 λωφνρωγωγῶν
900 1025 933 1078 et
949 1012 1160 1104 supplendum
1177 1017 1393 1098 ισωρωσιιενιὶν.
1487 993 1488 996 ¹

200 1133 237 1201 lu
261 1136 375 1202 ricinia
399 1157 456 1225 pro
479 1130 608 1210 ἀνοίξειν
631 1131 869 1198 rescribendum
891 1132 1019 1212 ιὶνσίξει;
1041 1157 1116 1201 nam
1136 1159 1322 1226 suspensum
1342 1151 1395 1204 est
1487 1163 1488 1188 ι

200 1256 465 1322 aconinnctione
495 1249 551 1320 ὅτι.
587 1251 662 1320 Mor
694 1277 737 1320 rs.
769 1257 810 1320 te
840 1276 916 1321 care
942 1277 1102 1346 expungas
1124 1257 1394 1347 praepositionem
1487 1257 1488 1328 I

200 1377 286 1442 νων-δι
305 1378 338 1442 in
358 1375 480 1442 verbis:
503 1376 518 1441 ὃ
538 1375 595 1454 μὲν
612 1373 697 1442 κατὰ
709 1377 763 1450 σὺν
775 1375 939 1458 ὡρισμένην
949 1375 1051 1452 πύλην
1064 1374 1179 1455 ἤνοιξε,
1197 1400 1271 1443 nam
1283 1401 1395 1468 neque
1487 1429 1488 1480 ρ

199 1518 237 1563 ea
266 1495 370 1564 deleta
401 1495 475 1562 setis
509 1496 629 1562 Graeca
660 1497 759 1562 oratio
786 1509 885 1577 esset,
915 1519 1020 1588 neque
1042 1497 1105 1563 loci
1128 1497 1294 1564 manifesto
1317 1521 1394 1565 cor-
1487 1483 1488 1496 ¹

199 1617 286 1708 rupti
308 1618 496 1685 sententiam
523 1619 712 1708 agnovissem
740 1618 847 1708 quiae
866 1617 1127 1709 praecedentibus
1147 1640 1244 1685 unum
1265 1632 1396 1688 tantum
1487 1659 1488 1706 ρ

200 1735 272 1804 urbi
292 1750 417 1829 portam
435 1738 531 1804 fuisse
554 1751 703 1830 apparet,
728 1737 795 1806 scil.
821 1761 839 1806 e
862 1738 964 1805 verbis
986 1739 1042 1830 (rs.
1065 1737 1137 1828 15):
1164 1738 1292 1818 ἀνοίξειν
1304 1743 1395 1825 αὐτῷ
1487 1767 1488 1796 ι

199 1860 269 1935 σὺν
299 1859 402 1934 πύλην
432 1867 487 1936 τῆς
517 1859 647 1935 πόλεως.
694 1857 743 1927 Ne
773 1859 888 1942 multa3
915 1862 1113 1926 sanissimum
1137 1873 1184 1927 est
1207 1863 1311 1940 νωσιὶ,
1335 1861 1396 1929 sed
1487 1921 1488 1956 ἰ

199 1979 293 2069 periit
322 1991 396 2070 post
421 1979 586 2062 ὡρισμένην
619 1979 849 2046 substantivum
881 1979 965 2070 quod
997 1983 1138 2071 suspicor
1169 1981 1263 2050 fuisse
1294 1979 1395 2065 ω’ρσν,

104 2084 107 2088 ’
200 2121 263 2192 quo
294 2100 447 2168 vocabulo
478 2123 543 2166 non
575 2099 662 2166 alind
692 2099 815 2165 facilius
846 2112 916 2189 post
946 2099 1046 2166 simile
1076 2102 1277 2191 participium
1305 2102 1395 2170 elabi

199 2221 323 2311 potuit,
361 2241 467 2310 neque
510 2218 596 2285 aliud
638 2231 685 2286 est
727 2220 832 2285 sensui
874 2219 936 2285 loci
976 2221 1073 2286 nostri
1108 2221 1392 2291 accommodatius.

199 2341 360 2409 Audacter
390 2343 487 2432 igitur
508 2363 644 2432 repone:
672 2341 686 2406 ὅ
709 2341 767 2420 μὲν
789 2339 875 2406 uere
899 2341 955 2416 riso
976 2341 1140 2422 ὡρισμένην
1166 2340 1267 2432 (ὥρων)
1292 2343 1393 2425 ἤνοιξε

199 2461 282 2552 (τὴν)
317 2462 420 2538 πύλην
451 2463 473 2528 i.
506 2485 557 2529 e.:
592 2463 656 2527 ille
685 2459 823 2550 quidem
856 2459 983 2550 (nempe
1010 2473 1119 2551 portae
1149 2463 1266 2554 custos)
1301 2467 1394 2532 hora

200 2587 394 2650 constituta
418 2592 564 2674 portam
593 2585 737 2674 aperuit
744 2604 757 2661 ;
783 2580 898 2672 quibus
921 2579 1002 2646 nihil
1025 2593 1072 2648 est
1093 2583 1231 2673 planius.
1283 2587 1393 2672 Quum

200 2703 296 2772 semel
332 2702 409 2786 ω’ρων
441 2704 615 2770 scribarum
644 2704 766 2769 incuria
797 2702 960 2792 periisset,
985 2702 1153 2769 articulum
1185 2718 1259 2772 ante
1286 2705 1392 2782 σύλνν

198 2824 238 2892 de
270 2823 423 2892 industria
454 2847 472 2890 a
502 2823 734 2892 correctoribus
763 2821 904 2889 deletum
934 2844 1020 2901 esse,
1056 2823 1106 2889 rix
1136 2837 1183 2891 eet
1215 2825 1300 2916 quod
1323 2851 1393 2894 mo·

199 2965 304 3010 naam.
353 2943 416 3012 Sed
434 2943 573 3010 multum
597 2944 703 3024 abest,
728 2954 764 3007 ut
786 2955 857 3033 post
879 2941 963 3008 hanc
986 2943 1239 3012 emendationem
1258 2969 1392 3039 excerp-
1487 2987 1488 3022 ι

198 3079 268 3132 tum
290 3077 494 3156 personatum
518 3065 577 3144 sit,
601 3087 676 3130 nam
699 3063 763 3129 iam
787 3063 892 3130 statim
915 3062 1081 3130 haeremus
1104 3065 1137 3131 in
1158 3067 1233 3156 ipsis
1252 3089 1392 3158 sequen·
1487 3081 1488 3162 t

198 3185 301 3254 tibus:
336 3189 391 3264 rin
420 3184 451 3252 st
482 3188 509 3252 oi
538 3184 697 3268 σιρωσισσσι
726 3183 796 3250 καὶ
824 3185 1048 3266 ἐπιφωνεῒς
1072 3188 1209 3262 fictitio
1229 3187 1283 3254 νωὶ
1304 3184 1393 3256 εἷσον
1487 3175 1488 3202 i

197 3305 239 3390 σῷ
271 3307 397 3389 noterit
427 3313 550 3372 ιιλεῖσωι
583 3305 636 3372 νισι)
664 3303 782 3385 pandiae
813 3302 909 3372 ἄλλων
933 3306 1027 3373 ἒιῖσσιι
1056 3308 1223 3385 εἰσελθεῖν,
1252 3307 1391 3385 θέλοντες

196 3428 319 3509 μόνως
346 3427 399 3494 τὸν
421 3431 554 3496 πλοῦτον
574 3433 631 3502 τῆς
653 3424 772 3500 πόλεως
794 3421 901 3508 ἄρσιν.
925 3422 1005 3493 οὕτω
1029 3426 1145 3502 πάντες
1169 3427 1392 3506 κατεκόπησαν
1487 3439 1488 3486 ἶ

197 3549 263 3616 xri.
311 3547 396 3615 Sana
425 3571 491 3614 non
525 3560 598 3614 sunt
628 3547 783 3614 vocabule
815 3547 868 3614 xe>
898 3548 1080 3630 ἕσιφσιννῖς;
1103 3571 1178 3614 nam
1201 3573 1328 3630 vereor,
1353 3565 1392 3618 ut

197 3670 346 3758 cuiqnam
390 3669 515 3760 placeat
561 3667 689 3736 Mulieri
724 3669 941 3759 interpretatio
977 3669 1152 3759 primorum
1198 3669 1389 3750 verborum,

189 3793 382 3883 praecipui
410 3813 453 3855 ae
476 3790 619 3855 nobiles.
669 3791 765 3875 Quasi
787 3791 831 3855 ita
856 3789 975 3858 Graece
999 3803 1084 3857 recte
1108 3789 1171 3857 dici
1192 3804 1288 3881 queat
1307 3815 1387 3883 pro:

194 3911 221 3978 ei
245 3915 353 3992 πρῶτον
376 3935 412 3976 σε
436 3909 489 3978 καὶ
514 3909 778 3994 {orderico-eret!
816 3909 858 3975 lit
880 3909 932 3976 iac
954 3911 1074 3977 Graeca
1101 3934 1187 3992 esse,
1211 3935 1276 3979 non
1293 3913 1387 3980 rideo

196 4032 254 4122 qui
277 4031 399 4098 nobiles
422 4031 540 4122 priores
564 4030 676 4097 urbem
700 4032 818 4098 intrare
841 4031 1003 4122 potuerint
1021 4053 1118 4122 quam
1130 4033 1387 4101 minusnobiles.
1487 4021 1488 4024 ¹

196 4153 304 4244 Apage
327 4152 478 4243 ineptias!
516 4153 614 4219 Primi
636 4153 813 4232 intrarunt,
834 4151 946 4231 credo,
967 4153 1022 4242 qui
1036 4153 1131 4243 primi
1151 4167 1391 4244 apparuerunt,
1487 4151 1488 4212 i

194 4287 226 4341 et
253 4273 390 4340 Diodoro
421 4271 617 4342 reddendum
647 4287 713 4340 cst:
746 4276 801 4350 σὺν
824 4273 850 4338 δ’
875 4275 901 4340 οἱ
925 4273 1086 4355 πρώτιστοι
1110 4276 1391 4360 ἕνιφσινένσες

194 4394 346 4472 εἰσῆλθον,
372 4417 452 4485 qnae
474 4396 567 4461 verba
584 4409 616 4463 et
639 4397 757 4486 optime
784 4396 905 4462 Graeca
928 4408 1002 4462 sunt
1025 4407 1057 4462 et
1081 4396 1146 4461 sola
1170 4399 1235 4477 rei,
1260 4397 1299 4464 de
1324 4419 1390 4487 qua

196 4515 318 4602 egitur,
353 4517 555 4584 conveniunt.
603 4516 725 4584 Deinde
759 4541 816 4608 pro
851 4517 988 4592 θέλοντες
1023 4517 1143 4598 μόνως
1179 4517 1389 4586 hauddubie

196 4635 377 4724 requiritur:
404 4637 541 4712 orreum
563 4637 677 4720 μόνον.
704 4640 775 4710 Mox
801 4640 916 4731 ambigi
929 4641 1045 4732 possit,
1066 4663 1105 4707 an
1120 4653 1203 4709 recte
1216 4639 1385 4707 scribatur:
