2990 5012
785 419 826 487 οδ

237 615 338 682 τίκτει
360 627 462 704 χάριν.
511 613 551 682 dt
574 613 680 681 verior
702 611 798 680 lectio
820 612 955 679 lormsse
968 611 1045 678 latet
1062 609 1124 678 sub
1140 608 1201 679 alio
1219 611 1364 681 eiusdem

236 729 414 816 fragmento
437 731 587 798 lemmate
611 730 643 796 in
668 729 713 796 lo.
738 727 825 795 Darn.
846 727 1040 817 appendice:
1065 729 1365 808 Ἀπολλώνιος

236 851 276 912 N
282 850 477 932 ουμηυίῳ.
540 843 619 912 Nam
659 865 765 932 nequo
802 843 991 932 Apollonius
1032 844 1178 912 comicus
1218 844 1365 912 labulave

236 967 426 1044 Νουμήνιος
451 980 474 1027 s.
505 945 700 1045 Νουμήνιον
727 979 870 1046 unquam
899 957 1020 1025 exstitit
1046 979 1153 1048 neque
1176 959 1364 1047 Apollonius

236 1075 418 1163 corruptela
436 1073 512 1141 oriri
531 1094 568 1141 ex
588 1073 812 1142 bnauandride
830 1073 922 1140 lacile
938 1072 1057 1162 potuit.
1085 1072 1259 1162 Aliquanto
1277 1083 1364 1142 certe

235 1187 434 1275 probabilius
458 1199 601 1257 statuere
624 1190 704 1257 mibi
729 1189 840 1258 videor
865 1189 1015 1256 loannem
1042 1189 1230 1278 scripsisse:

236 1307 420 1384 Εὔπολις
447 1313 737 1393 Νοομηυίοεις·

414 1425 484 1508 οὐχὶ
509 1429 597 1507 παρὰ
620 1422 752 1498 πολλοῖς
776 1431 796 1504 ἡ
822 1430 911 1509 χάρις
937 1424 1038 1490 τίκτει
1065 1429 1169 1508 χάριν.

280 1533 362 1614 Ouid
385 1535 412 1602 si
436 1535 567 1625 Eupolis
598 1556 636 1603 eo
660 1556 755 1604 versu
788 1533 1161 1624 respexerit'norissima
1187 1534 1237 1602 illa
1263 1533 1359 1601 verba

236 1648 412 1739 Sophoclea
437 1672 474 1718 ex
499 1650 609 1718 Aiace:

413 1777 503 1856 χάρις
529 1776 622 1855 χάριν
646 1777 706 1854 γάρ
731 1774 819 1836 ἐστιν
848 1778 867 1852 η’
891 1765 1035 1836 τίκτουο’
1058 1766 1136 1834 oiri?

283 1881 374 1960 lude,
400 1880 524 1970 opinor,
549 1893 719 1970 appareret
744 1880 933 1969 Sophoclem
954 1881 1098 1948 dautem
1121 1881 1256 1949 Aiacem
1281 1890 1360 1950 cole

237 2017 363 2062 οοοοουο
387 1998 521 2064 tertium
545 1998 756 2085 oclopesimee
774 2005 909 2065 oclooee
935 1995 1161 2085 Olympiadis,
1187 2018 1252 2085 quo
1273 2016 1359 2064 anno

236 2112 357 2178 archon
392 2111 451 2178 luit
485 2112 705 2202 Euthydemus
737 2112 806 2191 illc,
840 2133 936 2200 quem
972 2133 1070 2202 supra
1099 2112 1359 2181 memoravimus.

238 2226 303 2292 lloc
329 2235 435 2292 tamen
460 2225 711 2294 incertissimum
737 2247 808 2294 esse
832 2226 923 2294 lacile
946 2226 1074 2315 largior.

281 2401 376 2470 Periit
389 2425 447 2494 pro
460 2415 550 2494 parte
560 2405 691 2472 aculeus
705 2403 765 2472 ioci
778 2401 992 2481 acerbissimi,
1006 2423 1072 2491 quo
1087 2401 1196 2470 Patro
1209 2402 1359 2470 Comicus

235 2541 285 2607 ap.
312 2519 390 2586 Plut.
416 2518 570 2587 'ibernist
596 2541 624 2585 c.
649 2521 689 2585 32
714 2518 826 2606 petiuit
849 2517 1006 2585 Cinesiam
1032 2517 1195 2585 scribens:

903 2641 983 2718 μετὰ
1008 2637 1170 2702 τοῦτοδὲ

370 2755 593 2836 Εὐαγόρου
618 2759 719 2826 παῖς
743 2756 785 2815 ἐκ
809 2750 1094 2835 πλευρίτιδος
1118 2755 1277 2837 Κινησίας

369 2867 527 2943 σκελετός,
550 2873 679 2948 ἄντυγος
706 2871 772 2932 κτέ.

282 2979 432 3058 Postea,
469 3002 551 3068 quae
575 2981 614 3048 de
651 2981 721 3047 loco
757 2962 1023 3069 depravatissimo
1050 2981 1257 3048 commentati
1281 2995 1360 3048 sunl

237 3093 379 3161 lleinelre
414 3117 442 3183 p.
477 3099 541 3162 679
566 3117 614 3184 sq.
639 3109 670 3162 ct
694 3095 794 3163 Cobet
819 3097 858 3163 de
884 3095 958 3162 rtet.
984 3094 1088 3173 Com,
1124 3118 1154 3184 p.
1181 3100 1243 3163 196
1268 3097 1359 3164 sulli-

236 3207 299 3276 ciat
323 3209 392 3276 siue
415 3210 605 3298 ambagibus
631 3232 780 3300 promere
804 3211 887 3279 bane
911 3210 1148 3278 coniecturam:

903 3335 982 3414 μετὰ
1015 3341 1117 3396 ταῦτα
1142 3330 1176 3396 δὲ

370 3446 650 3529 όΠοᾶαγόρου
675 3442 703 3510 ’κ
729 3444 1018 3528 Πλευρὶτιὸος
1039 3447 1200 3527 Κινησίας

369 3559 513 3634 σκελετός
542 3565 608 3624 xri.

238 3681 272 3736 ut
310 3683 387 3750 παῖς
419 3692 456 3737 cr
488 3672 680 3760 glossemate
717 3681 827 3737 natum
864 3681 1077 3760 expungatur.
1125 3669 1249 3736 Satisne
1277 3671 1359 3737 salse

235 3786 404 3873 porluprue
420 3797 451 3853 ot
465 3787 657 3874 pleurilitlls
674 3785 757 3852 filius
774 3783 926 3874 appellari
943 3784 998 3851 tibi
1017 3783 1143 3851 ridetur
1159 3784 1257 3852 bomo
1275 3806 1359 3852 mor-

238 3902 355 3980 busne,
380 3921 476 3989 quem
501 3901 612 3989 panacis
636 3901 836 3990 interpositis
861 3911 952 3968 vocat
976 3910 1080 3986 φθόης
1108 3903 1305 3989 upuppae?

283 4016 431 4102 Neglecta
457 4039 589 4084 caesura
614 4016 646 4083 in
670 4039 732 4095 vs,
757 4015 812 4105 qui
838 4026 925 4083 totus
942 4025 1067 4083 constat
1083 4014 1268 4083 nominibus
1287 4038 1358 4106 pro·

239 4132 331 4220 priiS,
357 4132 520 4200 neminem
544 4132 734 4200 morabitur.

284 4299 478 4367 Eururctns
503 4310 567 4389 lap.
593 4301 794 4368 Athenaeum
820 4297 859 4364 lll
885 4319 914 4385 p.
945 4301 1009 4361 124
1033 4295 1078 4382 Β.)
1110 4296 1143 4364 in
1169 4297 1356 4364 nocticolae

239 4415 391 4501 Epistola
416 4415 456 4482 de
479 4415 590 4483 nascio
619 4436 684 4502 quo
712 4423 829 4502 nepote
855 4413 992 4500 loquens
1015 4411 1109 4478 dicit:

417 4543 540 4620 πρῶτος
564 4538 623 4618 pia
649 4531 762 4600 elder
789 4537 816 4597 ei
842 4537 920 4618 χιὼν
945 4527 1009 4596 ἐστ’
1030 4531 1123 4596 ὠνία.
