2932 5004
772 323 814 384 96

211 509 340 575 οὐδενί
377 510 511 576 δίδωσι
548 508 620 573 τῶν
653 505 914 588 ὑπαρχόντων
947 509 1123 590 εὐχερῶς
1152 509 1248 574 ἑκὼν
1277 510 1400 576 οὐδέν.

213 629 262 696 Ad
292 629 424 696 verbum
456 629 535 696 haec
566 628 728 718 descripsit
759 651 777 694 e
809 628 920 716 Polyb.
953 628 1078 696 XXXII
1112 654 1119 693 :
1157 634 1196 694 12
1230 631 1313 712 ὅθ,
1340 631 1402 696 ubi

210 763 318 816 tumen
349 753 501 833 εὐχερῶς,
526 749 612 838 quod
635 748 841 816 additamenti
864 750 1003 838 speciem
1025 748 1137 830 habet,
1162 753 1277 818 rectius
1300 753 1401 817 omit-

209 872 296 938 titur.

253 991 288 1058 Iu
323 989 462 1057 eiusdem
496 992 635 1079 excerpti
669 991 759 1056 initio
787 991 920 1080 pessime
952 990 1060 1057 habita
1091 1003 1164 1058 suut
1192 991 1306 1057 verbu:
1334 993 1400 1058 ἐτ’

206 1111 266 1178 .ὐύ
305 1107 383 1184 ὅλοις
421 1109 513 1176 πέντε
556 1109 637 1176 ἔτεσι
680 1111 914 1192 περιεποιήσατο
946 1109 1103 1189 πάνδημον
1133 1111 1186 1176 καί
1217 1135 1399 1195 συγχωρου-

205 1231 299 1312 ροίνην
333 1232 403 1305 την
438 1233 494 1296 ἐτ’
530 1229 703 1316 εὐταξία
738 1231 1008 1315 σωφροσύνην;
1050 1255 1131 1320 quae
1167 1255 1242 1298 sunu
1276 1247 1395 1312 crunt,

205 1353 260 1418 ubi
302 1353 515 1441 rescripseris:
562 1353 601 1417 ἐν
640 1352 701 1420 οὐδ’
733 1349 812 1426 ὐλοις
842 1389 888 1402 -·
915 1353 984 1428 τίιν
1018 1355 1073 1418 ἐτ’
1109 1351 1285 1438 εὐταξία
1322 1355 1395 1420 καὶ

204 1474 432 1556 σωφροσύνη
467 1471 601 1554 δόξαν,
637 1473 753 1540 collato
782 1474 822 1539 fr.
850 1473 1004 1539 XXXVII
1035 1485 1066 1538 et
1097 1473 1209 1562 Polyb.
1247 1474 1394 1554 XXXII,

207 1599 243 1658 11
292 1595 310 1676 §
355 1596 387 1660 8.
445 1593 576 1682 Polybio
619 1605 728 1660 contra
760 1593 894 1683 gratiam
924 1593 1040 1658 referre
1074 1595 1171 1682 possis
1206 1596 1394 1686 corrigendo

202 1734 220 1777 c
253 1711 324 1778 loco
359 1727 465 1780 nostro
500 1714 761 1796 τεριετοίηοατο
793 1737 850 1804 pro
886 1713 1051 1788 ε’τοίηοατο
1088 1751 1132 1764 -
1165 1713 1276 1792 δόξαν,
1308 1739 1393 1804 quac

204 1835 303 1900 oratio
329 1834 451 1902 Graeca
473 1857 538 1902 uon
561 1848 619 1902 cst.

208 1953 210 1958 ’
246 1954 328 2020 Ibid.
365 1979 410 2022 rs.
448 1960 491 2020 33
524 1953 706 2045 (p.103):
740 1961 793 2022 τοῦ
824 1956 855 2022 δὲ
886 1955 971 2020 κατά
1001 1957 1056 2032 τὴν
1087 1957 1225 2038 άνδρείαν
1256 1958 1389 2038 μέρους,

201 2070 275 2155 ὅπερ
306 2075 399 2140 ἐστίν.
447 2076 516 2142 Iam
540 2075 683 2142 Reiskius
707 2100 725 2142 e
748 2075 858 2164 Polyb.
884 2076 907 2142 I.
933 2076 956 2142 I.
982 2089 1051 2166 post
1074 2077 1181 2158 μίρουο
1206 2091 1290 2146 recte
1313 2101 1390 2169 sup-

199 2194 296 2283 plerit
312 2199 419 2261 λοιτού
439 2193 538 2270 ὐντοο;
561 2193 615 2262 sed
637 2195 732 2260 simul
751 2195 868 2264 ibidem
881 2195 1111 2286 supplendum:
1136 2197 1387 2276 circumducere

204 2315 292 2394 ταρίο
316 2319 393 2380 τοῖσι
414 2315 490 2394 μὲν,
513 2314 658 2394 μάλιστα
682 2316 713 2382 δὲ
740 2315 851 2402 (παρὰ)
877 2319 1048 2395 Ῥωμαίοις.

245 2435 298 2502 Fr.
334 2435 396 2502 XII
429 2435 567 2524 (XXXit
600 2432 646 2502 ὅτι
677 2441 729 2502 τού
763 2439 940 2520 Δημητρίου
973 2439 1116 2519 πρέσβεις
1141 2439 1388 2514 ἀποστείλαντος

199 2559 242 2630 είς
279 2556 313 2646 (I.
349 2557 435 2644 πρὸς)
472 2556 658 2636 Ῥαμαίους,
693 2557 850 2639 άτίκρισιν
881 2558 995 2626 ἔδωκαν
1025 2559 1131 2649 (vulgo
1156 2559 1274 2647 ἔδακεν)
1299 2562 1384 2642 αὐτῷ

199 2678 344 2745 σκαιοὶν
375 2676 426 2742 καί
458 2671 658 2758 δυσάρεστον,
684 2675 730 2744 ὐτι
759 2677 902 2755 τεύξεται
930 2687 988 2746 τῶν
1006 2681 1247 2762 Φιλανίράτιον,
1271 2681 1323 2746 ἐάν
1347 2683 1384 2746 τὸ

199 2801 301 2866 ἱκανὸν
334 2810 421 2882 τοιηῑ
453 2809 491 2882 τῇ
523 2801 691 2879 συγκλήτῳ
718 2801 802 2866 κατὰ
825 2803 879 2876 την
904 2810 959 2878 τῆς
979 2803 1080 2884 άρχῆο
1105 2800 1252 2878 ἐξουσίαν.
1303 2803 1387 2887 Quid

200 2923 315 3010 inepti
336 2918 453 2986 hebeat
473 2919 554 2984 illud
577 2943 780 3010 responsum,
803 2945 854 2987 ure
879 2921 1006 3010 quidem
1029 2923 1120 3004 lateu
1146 2923 1248 2988 multo
1267 2924 1387 2988 rectius

200 3039 357 3108 diceretur
399 3040 523 3105 durum
569 3049 603 3104 et
649 3045 799 3120 z'mmite,
845 3043 993 3131 quocirca
1028 3043 1151 3121 videas,
1190 3067 1230 3108 an
1264 3043 1388 3110 dederit

199 3163 332 3250 scriptor
349 3159 490 3228 Siculus:
513 3161 671 3242 άτίκρισιν
687 3161 802 3228 ἔδωκαν
814 3164 896 3244 αὐτῷ
921 3164 1102 3243 σκληρὰν
1125 3163 1177 3227 καί
1190 3163 1384 3243 δυσάρεστον.

201 3282 250 3348 Ad
273 3306 340 3348 rem
363 3282 504 3348 conferes
527 3282 566 3347 Ir.
593 3282 669 3362 XL,
695 3283 846 3348 Zonaram
868 3282 913 3348 IX
930 3307 937 3347 :
954 3287 996 3348 25
1017 3295 1048 3348 et
1061 3283 1171 3370 Polyb.
1187 3283 1311 3350 XXXI:
1333 3289 1384 3350 19.

201 3403 366 3470 Praeterea
388 3401 518 3468 malim:
545 3403 599 3468 ἐάν
622 3405 657 3470 τὸ
681 3403 784 3468 ίκανύν
808 3405 937 3486 τοιήση
960 3413 998 3486 τῇ
1022 3405 1198 3486 συγκλήτῳ.

246 3524 299 3590 Fr.
335 3523 442 3590 XLIII
474 3521 646 3611 (XXXII):
685 3525 874 3600 murinum
904 3523 960 3602 μὲν
991 3523 1155 3596 ταλάντοις
1188 3525 1386 3606 ἐστεφάνωσε

202 3643 360 3724 Τιμόθεον,
385 3645 597 3726 ἑβδομήκοντα
621 3644 651 3710 δὲ
676 3642 868 3732 [ταλάντοις]
897 3645 1070 3724 Δημήτριον
1092 3645 1294 3720 τὸνβασιλέα
1317 3647 1386 3712 καὶ

199 3768 318 3850 χωρίς
339 3767 476 3832 τούτιον
499 3764 697 3842 ἑξακίοια
720 3764 931 3842 τάλαντα,
956 3765 1306 3847 τροσεταγγειλάμενος
1331 3769 1385 3832 καὶ

200 3888 247 3952 τά
282 3888 403 3953 λσιτύ
437 3887 622 3968 τετρακόσια
656 3886 759 3952 δύοειν
793 3887 824 3951 ἐν
859 3886 947 3968 ἑτέρῳ
970 3887 1073 3966 καιρῷ.
1122 3883 1247 3964 Arene,
1273 3887 1386 3968 aiunt,

199 4009 267 4074 sine
286 4007 385 4088 τοίους
411 4031 485 4073 nem
504 4007 581 4074 Aee.
600 4005 748 4084 ἑξακόσια
770 4007 916 4074 τάλαντα
941 4029 1005 4072 non
1024 4007 1120 4074 hebet
1133 4007 1217 4073 unde
1229 4006 1387 4097 pendeat,

199 4152 304 4220 neque
338 4128 415 4217 quid
446 4129 505 4194 sibi
535 4131 633 4196 velint
665 4128 817 4196 vocabule
846 4129 890 4194 τά
923 4130 1018 4195 λοιστοὶ
1052 4131 1252 4219 perspicitur.
1302 4128 1389 4197 Setis

198 4251 301 4318 habeo
326 4249 404 4316 haec
427 4249 502 4316 vitiu
525 4249 695 4329 indicasse,
721 4271 801 4338 quac
824 4247 977 4314 eiusmodi
1000 4261 1092 4328 suut,
1116 4261 1152 4314 ut
1171 4263 1255 4316 certa
1275 4273 1391 4318 emen-

199 4371 325 4438 datione
349 4370 418 4436 tolli
442 4393 506 4436 uon
526 4395 616 4462 posse
638 4370 812 4436 videantur.
861 4371 906 4437 Ut
925 4371 1046 4459 saepius
1069 4369 1161 4448 alibi,
1183 4368 1235 4436 hic
1256 4370 1394 4440 Diodori

201 4493 372 4559 orationem
406 4493 512 4582 inepte
546 4505 741 4558 contractam
764 4515 829 4558 esse
852 4491 993 4580 suspicor
1015 4491 1047 4554 in
1073 4490 1197 4556 brevius
1221 4489 1260 4556 ab
1284 4494 1395 4582 epito-

200 4621 332 4676 matore.
382 4615 531 4682 Librariis
556 4627 666 4681 contra
693 4613 858 4680 tribuerim
882 4612 1033 4680 sollemne
1056 4613 1165 4678 vitium
1191 4613 1223 4678 in
1247 4627 1397 4682 extremo
