2974 5016
648 516 668 580 3

231 699 299 780 έμοί
322 699 382 781 μέν
408 689 465 763 οὖν
488 697 610 762 ἄειδε
635 703 807 780 τοιαιίτην,
833 699 911 778 θέα,

231 817 406 894 θρασεῖαν,
431 812 558 894 ὡραίαν
584 809 618 874 δὲ
644 813 699 874 καί
721 817 873 892 πιθανὴν
897 813 978 894 ἅμα,

231 922 424 1002 ἀδικοῦσαν,
449 921 707 1002 ἀποκλείουσαν,
734 926 892 988 αἰτοῦσαν
916 929 1040 1002 πυκνά,

230 1036 368 1120 μηδενὸς
393 1038 531 1120 ἐρῶσαν,
558 1036 843 1120 προσποιουμένην
869 1036 900 1100 θ’
924 1037 988 1101 αἐί.

142 1151 187 1216 At
215 1169 267 1216 ros
297 1151 395 1235 longe
418 1151 577 1235 longoque
606 1150 732 1218 diverso
763 1159 811 1218 est
843 1153 877 1217 in
900 1151 1022 1219 Cratini
1044 1152 1221 1238 fragmento

100 1261 232 1348 (Iuoort.
262 1263 342 1329 Fab.
365 1262 488 1328 CXLII
509 1283 560 1348 ap.
584 1263 697 1352 Mein.)
721 1264 806 1347 quod
829 1264 968 1331 servavit
990 1265 1160 1332 scholiasta
1180 1267 1222 1332 sd

96 1378 196 1443 Arist.
220 1379 280 1461 Rq.
306 1378 404 1444 1284:
424 1376 506 1460 μέλη
525 1377 767 1460 Πολυμνήστου
786 1378 1017 1462 Κολοφωνίου·
1032 1379 1222 1465 κιθαρῳδὸς

97 1485 140 1570 ἦν
165 1475 271 1563 οὗτος.
297 1495 526 1575 Κρατῖνος·

188 1605 244 1666 καί
268 1601 511 1684 Πολυμνήστει’
536 1602 676 1668 αἐίθιι
700 1610 861 1686 μουσικήν
886 1629 920 1669 τε
943 1611 1125 1688 μανθάνει.

143 1717 238 1786 Hono
267 1717 364 1800 igitur
392 1717 497 1784 looum
523 1717 710 1785 mendosum
733 1738 804 1785 esse
826 1718 882 1785 vix
904 1718 1031 1786 dubito:
1055 1719 1223 1804 quominus

95 1851 175 1897 vero
198 1837 284 1896 corta
302 1830 355 1897 via
372 1837 467 1913 atque
486 1831 607 1896 rationo
626 1831 656 1896 oi
675 1830 872 1913 medeamur,
885 1830 955 1916 ipsa
966 1831 1135 1916 fragmenti
1154 1834 1223 1899 bre·

97 1944 182 2009 vitas
211 1941 353 2027 impedit.
384 1943 530 2008 Remedii
559 1950 667 2010 autom
698 1944 812 2011 lenitas
834 1943 968 2011 fortasse
990 1933 1223 2011 sommendabit

97 2055 183 2121 huno
204 2055 434 2121 ooniootnrom:

190 2169 246 2231 καί
270 2165 525 2250 Πολυμνήστεια
550 2167 580 2232 θ’
604 2167 700 2256 ᾄθει
724 2175 883 2252 μουσικήν
908 2177 1146 2253 reptantibus.

145 2280 268 2348 Eodem
298 2301 394 2348 oausu
424 2289 488 2366 ost,
513 2301 569 2348 our
590 2303 655 2350 non
676 2282 885 2350 oonfidentius
906 2283 1064 2352 affirmare
1089 2283 1223 2352 sudeam

98 2394 244 2472 eiusdem
274 2393 396 2487 Cratini
425 2395 637 2479 fragmentum
668 2416 709 2462 ox
740 2393 842 2462 Horis
870 2395 923 2485 (V,
948 2417 1020 2483 pag.
1047 2398 1125 2487 165)
1149 2419 1224 2484 sup

98 2507 255 2594 plondnm
278 2527 349 2575 osso
370 2508 404 2574 in
426 2507 511 2575 huno
534 2507 680 2575 modum:
763 2531 765 2536 ’
1110 2525 1112 2532 ·

325 2622 570 2696 {retropositis
599 2617 718 2710 [ἐστιν]
746 2621 999 2705 έκμιμανμένος.

147 2733 346 2820 Quamquam
369 2733 455 2801 haud
478 2734 588 2819 rideo,
609 2734 685 2819 quid
703 2735 897 2821 probabilius
918 2735 1018 2822 possit
1036 2735 1223 2804 intoroulari.

144 2964 225 3048 Peg.
248 2961 325 3036 252,
349 2961 564 3046 Corrigendus
587 2919 712 3028 videtur
733 2961 939 3048 interpretum
958 2981 1044 3028 error
1062 2962 1096 3027 in
1114 2963 1225 3030 ultimo

100 3096 199 3144 versu
221 3075 389 3161 fragmenti
413 3076 429 3140 I
452 3075 724 3141 Pherecratio
747 3093 789 3140 ox
812 3075 1045 3139 ΑΓΑΘΩΝε

260 3189 351 3266 Ἐγὼ
376 3188 542 3252 κατεσθίω
563 3185 657 3269 μόλις
681 3195 737 3263 τῆς
760 3185 880 3272 ἡμέρας

259 3300 360 3366 πένθ’
383 3299 586 3383 ἡμιμέδιμν’,
612 3301 670 3365 ἐὰν
695 3299 870 3385 βιάζωμαι.
897 3305 931 3363 Β
953 3299 1062 3382 μόλιςς

261 3416 304 3489 ὠς
327 3413 510 3493 ὀλιγόσιτος
533 3409 609 3494 ἦσθ’
634 3417 702 3497 ἄρ’,
727 3415 761 3487 ὃς
786 3415 973 3487 κατεσθίεις

131 3577 135 3583 .
259 3535 315 3610 τῆς
339 3527 459 3612 ἡμέρας
481 3533 609 3611 μακρᾶς
634 3532 783 3612 τριήρους
808 3528 909 3590 σιτία.

145 3641 288 3724 Iungunt
319 3642 403 3708 onim
431 3663 483 3708 vv.
506 3640 561 3707 dd.
584 3641 692 3724 μακροί
717 3645 861 3724 τριήρης,
886 3637 971 3723 quod
993 3658 1058 3704 non
1080 3637 1185 3706 minus
1207 3659 1228 3704 a

100 3753 299 3820 Graecorum
321 3773 381 3820 usu
404 3753 529 3820 ridetur
550 3753 736 3837 abhorrere,
760 3773 855 3838 quam
877 3757 986 3818 oontra
1008 3751 1149 3836 lingnam
1166 3751 1226 3816 Le

98 3868 204 3934 tinum
233 3873 395 3952 posceret,
426 3867 455 3933 si
483 3867 554 3951 quis
584 3867 704 3933 dioeret
731 3867 921 3933 seriberetve
946 3864 1045 3952 ίοιιμο
1070 3864 1227 3931 ίνίνωυίο.
1258 3867 1268 3886 “

99 3979 188 4048 Nam
218 3980 343 4064 utrique
373 3981 490 4065 populo
522 3977 641 4066 (noque
670 3979 781 4063 ignoto
806 3998 858 4044 res
881 3977 943 4066 ost)
967 3998 1024 4063 pro
1047 3983 1178 4063 τριήρης
1201 3997 1227 4045 s.

101 4091 256 4162 triremis
278 4113 347 4160 mos
369 4099 418 4160 ost
440 4091 574 4160 subinde
596 4091 748 4160 adhibere
770 4091 946 4159 looutiones
968 4095 1048 4165 ναῦς
1070 4095 1179 4176 μακρά
1202 4109 1228 4158 s.

102 4203 227 4272 πλοῖον
249 4209 375 4290 μακρόν
400 4212 432 4272 et
453 4205 551 4273 navio
575 4205 684 4292 ίονιμο.
