2932 5004
748 313 790 376 88

184 505 243 579 τας
267 503 415 579 συνθήκας
438 498 541 566 ἄδικον
561 495 732 577 ἐξήνεγκε
755 495 910 576 πόλεμονς
929 519 973 562 rs.
996 494 1190 569 2οςἕλέους
1213 497 1370 578 χειρυίόν-
1458 481 1459 532 l

184 650 254 702 τες,
285 626 374 714 lege:
400 621 518 698 ε’λίους
552 645 594 687 rs.
619 624 684 686 24:
712 620 842 698 εὐγενῶς
868 615 917 684 οὖν
940 620 1123 692 δυνατοῖς
1147 624 1289 697 Ῥωμαῖοι
1311 620 1372 694 την

183 745 354 827 ἐλευόερίαν
383 741 586 826 χαρισάμενοι
617 739 661 806 τὰ
693 741 788 818 ἡμίση
812 739 938 806 δίδειν
963 747 1022 805 τῶν
1045 745 1140 806 τελῶν
1163 737 1372 820 προσέταξαν.

185 865 304 932 Verum
339 877 406 930 est:
444 865 575 942 εὐγενῶς
610 858 660 928 οὖν
694 863 838 933 αὐτοῖς
872 871 905 925 et
939 859 1097 934 διδόναι,
1130 881 1266 948 quorum
1287 857 1373 924 illud
1459 839 1460 860 l

186 984 358 1072 (ATTOIC
379 1005 437 1072 pro
457 964 661 1068 ΔΤᾸΤΟΙΟ)
687 981 749 1046 iem
775 978 947 1046 Mullorum
969 1001 987 1044 e
1010 977 1167 1044 llindorlii
1186 979 1374 1044 coniectura

183 1119 267 1174 recte
297 1103 419 1170 dedisse
449 1101 552 1182 rideo;
585 1125 648 1191 quo
679 1103 779 1192 magis
808 1101 905 1168 miror
936 1099 973 1166 B.
999 1100 1163 1166 retinuisse
1186 1099 1372 1188 vulgatum,

183 1250 264 1317 quae
286 1247 412 1317 prorsus
430 1221 565 1290 absurde
584 1233 642 1288 cst.
681 1223 735 1288 Vs.
761 1225 824 1288 28:
847 1214 873 1288 ol
896 1199 1372 1311 (εοί1.1ορςοῑί)καίπρδςλῖμί-
1460 1204 1461 1244 l

181 1363 245 1414 λιον
266 1345 393 1427 Μόρκον
413 1343 550 1418 ἐλθόντες
575 1343 759 1410 συνεῖδον
783 1341 826 1408 τίς
849 1342 941 1423 τείχη
965 1376 1011 1390 -
1033 1342 1174 1406 καθελεῖν
1196 1341 1262 1406 κτὲ.
1295 1339 1374 1406 Νοιι

182 1469 303 1557 reperio
331 1465 408 1554 quid
436 1465 533 1532 latest
563 1465 598 1528 in
628 1462 780 1539 συνεῖδονς
811 1484 869 1552 pro
897 1483 960 1551 quo
983 1461 1207 1552 exspectaveris
1229 1461 1373 1540 ἔγνωσαν

182 1587 231 1654 τοί
261 1586 387 1669 ἔκριναν.
436 1584 470 1652 si
501 1585 578 1656 licet
609 1583 778 1662 beriolori,
803 1605 867 1648 nou
891 1581 1025 1648 absurde
1048 1583 1229 1672 suspiceris:
1256 1585 1372 1659 συνῆ-
1461 1655 1462 1660 1

181 1709 314 1789 δρευον
350 1705 433 1795 (μετ’
463 1707 558 1770 αὐτοῦ
590 1705 641 1770 καί
674 1702 806 1792 ἔκριναν)
840 1704 884 1770 τός
913 1704 1006 1784 τείχη
1031 1704 1094 1770 κτὲ.
1121 1703 1236 1769 colluto
1259 1693 1311 1768 lr.¹
1327 1709 1373 1769 13

182 1829 255 1894 libri
278 1827 406 1906 XXIX,
432 1827 488 1916 qui
510 1825 598 1891 locus
622 1835 668 1890 est
689 1824 785 1914 plone
808 1824 946 1908 οίδελφός
971 1825 1082 1890 nostri.
1125 1823 1175 1890 cf.
1201 1824 1371 1903 cumbis,

182 1972 263 2042 quse
308 1972 344 2014 er
390 1947 502 2014 eodem
545 1945 676 2033 Polybio
719 1947 815 2014 refert
860 1945 967 2012 Livius
1002 1935 1090 2012 XLV
1123 1971 1132 2010 :
1169 1951 1207 2013 17
1243 1957 1275 2014 et
1312 1950 1372 2012 18.

182 2069 235 2136 Vs.
284 2076 348 2136 31:
394 2069 446 2136 καί
490 2069 563 2142 τοὺς
605 2069 769 2146 ἐπιφανεῖς
803 2067 913 2150 ἄνδρας
948 2074 1006 2134 τῶν
1040 2065 1226 2134 Μακεδόνων
1261 2069 1303 2140 είς
1339 2066 1374 2132 ἓν

182 2198 386 2270 συναγαγεῖν·
433 2188 527 2254 ἔνόα
572 2188 741 2269 ίλευόόρους
776 2225 821 2238 -
854 2189 965 2260 αὐτοὺς
1012 2189 1151 2271 οίφιῖκαν.
1206 2187 1374 2256 Sententia

183 2311 316 2398 requirit
359 2305 439 2378 siro
475 2331 533 2398 pro
575 2307 663 2386 ἔνόα,
704 2308 789 2398 quod
831 2309 906 2376 lerri
947 2322 1050 2399 posset
1090 2309 1116 2374 si
1156 2309 1369 2376 scriberetur:
1397 2381 1400 2388 ,

184 2433 226 2502 εἷς
270 2427 331 2496 ἕνα
366 2438 561 2508 συναγαγεῖν
594 2429 731 2518 (τόπον),
771 2431 835 2496 κτέ.
895 2430 971 2519 Peg.
1005 2432 1048 2494 90
1083 2453 1127 2496 rs.
1167 2433 1206 2494 1u
1238 2429 1371 2520 supple:

184 2558 237 2616 τοῦ
282 2549 340 2630 μὲν
378 2551 496 2632 πρῶτον
536 2551 749 2633 Ἀμφίπολις,
784 2556 837 2618 τοῦ
875 2550 933 2637 (δὲ)
970 2548 1106 2630 δευτέρου
1141 2551 1374 2628 Θεσσαλονίκη,

184 2677 236 2738 τοῦ
272 2671 331 2760 (δὲ)
366 2671 468 2754 τρίτου
503 2673 586 2748 κτὲ.;
619 2695 664 2738 rs.
706 2675 768 2736 19:
806 2670 858 2738 καί
891 2677 1025 2752 πρῶτος
1061 2673 1117 2751 μὲν
1152 2671 1281 2746 Ἀνίκιος
1314 2672 1371 2736 καί

184 2793 364 2866 Ὀκταουας
387 2831 432 2844 -
455 2794 518 2858 ῶνα
548 2793 624 2873 μίαν
659 2791 775 2874 ἡμέραν
799 2790 940 2874 ἑκοίτερος
964 2792 1215 2875 ἐόριοίμβενσον.
1263 2792 1372 2882 Lege:

185 2913 237 2980 καί
257 2920 402 2994 ιπρῶτοι
426 2950 472 2964 -
495 2911 651 2995 ἑκοίτερος,
685 2911 956 2994 όίριόαβευσανς
992 2937 1035 2980 rs.
1074 2917 1138 3012 bil:
1176 2911 1300 2992 ἅμαξαι
1324 2951 1375 2966 -·

185 3033 330 3120 Φέρονται
360 3033 475 3108 λευκοῖς
499 3034 551 3100 καί
573 3034 698 3116 τραχί
705 3058 750 3106 ας
775 3033 922 3108 οξσπίδας.
972 3032 1141 3124 Optionem
1164 3035 1259 3101 faciet
1281 3035 1373 3100 lutu-

187 3179 239 3222 rus
260 3154 362 3222 editor
380 3155 463 3221 inter
487 3154 703 3236 τραχείας,
726 3155 929 3237 βραχείας
953 3167 985 3220 et
1005 3153 1196 3236 saepsisse
1219 3155 1372 3229 ιὶσπίδας.

187 3278 241 3344 Vs.
268 3280 329 3342 24:
355 3275 406 3340 καί
430 3272 530 3357 ἕτεραι
557 3272 707 3364 (ἅμαξαι)
732 3276 902 3358 τριακόσιαι
926 3275 1053 3358 λόγχας
1077 3276 1128 3342 καί
1150 3276 1300 3357 σαρίσσας
1317 3278 1396 3373 καί(

187 3397 266 3476 τόξα
290 3397 342 3462 καί
366 3395 497 3462 υίκόντια
519 3395 732 3474 γέμουσαι.
781 3396 956 3462 Barbarum
979 3409 1025 3463 est
1048 3397 1156 3475 γόαειν
1175 3420 1249 3463 oum
1274 3396 1372 3476 lcc.;

187 3521 246 3586 nisi
270 3519 367 3609 igitur
391 3540 500 3583 omnes
525 3514 727 3582 Accusativos
750 3516 783 3581 iu
809 3515 968 3582 Genitiros
992 3530 1115 3584 mutare
1137 3519 1253 3597 meris,
1278 3541 1376 3608 repo-

187 3641 327 3708 nendum
349 3639 444 3722 Φέρο
454 3663 548 3706 υσαι.
574 3638 627 3704 Vs.
639 3642 687 3704 30
700 3637 832 3728 suppleo
845 3663 852 3704 :
866 3675 913 3688 -
924 3637 1117 3716 ε’κπαμότοιν
1129 3641 1256 3716 πλῆθος,
1271 3639 1375 3729 (πλεῖ-

188 3761 282 3846 ρεις)
318 3759 519 3840 σίγαλμοίτυν
553 3761 605 3826 καί
633 3758 820 3842 σίνδριοίνταν
851 3759 993 3826 ποικίλαν
1022 3755 1147 3838 ἅμαξαι
1171 3759 1375 3828 πεντακόσιαι

191 3882 246 3968 (cl.
283 3903 328 3946 rs.
361 3879 432 3969 24).
480 3881 553 3946 Post
583 3880 684 3951 simile
712 3879 901 3971 uocabulum
924 3879 1037 3956 πλνῖόος
1067 3879 1151 3970 quod
1179 3882 1297 3948 inserui
1318 3883 1376 3948 ad·

188 4002 337 4068 iectiruni
359 4000 452 4066 focile
474 4023 491 4065 s
515 4001 616 4067 scribe
638 4001 757 4092 negligi
779 4001 892 4092 potuit.
931 3999 983 4066 Vs.
1010 4003 1052 4067 32
1077 4003 1231 4091 corriges:
1251 4013 1290 4086 τῇ
1312 4003 1373 4092 (δὲ)

189 4123 275 4208 τρίτη
310 4125 494 4202 προηγοῦντο
532 4122 641 4188 λευκαί
675 4122 748 4203 βόες
782 4123 944 4203 εὐπρεπεῖς
985 4123 1066 4200 κτῶ,
1101 4135 1135 4190 et
1166 4124 1294 4190 tandem
1324 4149 1373 4193 τε.

190 4249 210 4310 6
245 4268 279 4335 p.
315 4247 353 4308 91
382 4243 415 4310 iu
450 4242 517 4332 ipso
551 4243 615 4310 line
649 4243 807 4333 excerpti:
844 4243 897 4310 καί
933 4242 983 4308 ἐπί
1019 4248 1115 4311 τοῖσιν
1148 4219 1290 4325 Αἰμίλιος
1320 4248 1377 4329 ἐφ’

192 4363 329 4446 ἅρματος
361 4364 562 4446 ἐλεφαντίνου
592 4370 874 4441 κατατληκτικοῦ
908 4387 965 4454 pro
995 4367 1255 4448 καταπλιίκτον,
1288 4367 1376 4457 quod

194 4485 286 4550 flocci
310 4508 373 4552 non
397 4497 453 4552 est.
