2990 5012
697 423 738 485 13

146 607 343 695 reptantis.''
368 607 418 674 Sic
437 606 599 688 lleiuekc‚
613 591 672 674 'cui
688 610 782 698 plane
798 611 980 678 assentiens
1000 613 1148 702 suspicor
1164 627 1277 703 poetae

143 721 350 790 reddendum
376 743 465 790 esse:

257 840 446 924 μετάσταθ’,
472 844 636 928 duesdedit,
663 841 768 909 πολλὰ
792 845 949 921 κέλευθος
975 848 1165 929 ἐρακέτω.

191 950 277 1018 Usus
301 961 351 1018 est
374 951 551 1040 Sophocles
575 975 614 1022 ec
637 955 1000 1024 verthrach.121et
1021 957 1152 1026 Philoct.
1174 963 1274 1028 1153.

191 1066 236 1133 lb.
261 1088 307 1134 VS.
332 1069 396 1134 306
421 1089 486 1156 sq.:
646 1076 744 1147 ὥστε,
769 1078 817 1138 κεί
840 1075 961 1160 βραόιλς

328 1187 462 1259 εὕδει,
486 1188 591 1254 κλύων
614 1213 672 1254 σου
696 1189 778 1270 δεῦρ’
804 1189 956 1271 ἀφίξεται
980 1196 1088 1277 ταχύς.

192 1297 335 1366 Aliorum
360 1298 557 1367 coniecturis
581 1300 712 1368 accedat
735 1300 815 1368 haec
839 1322 928 1369 mea:

641 1420 737 1491 ὥστε,
762 1424 810 1484 aci
832 1419 973 1502 βραδύς,

326 1535 456 1608 εὐθύς
480 1533 588 1600 κλύων
613 1557 670 1598 σου
695 1539 758 1598 κτὲ.

144 1643 165 1710 i.
191 1664 218 1710 e.
243 1645 385 1712 simulac
409 1645 449 1714 de
474 1654 504 1714 te
530 1646 749 1714 incardiuerit.

193 1757 237 1824 lb.
264 1762 349 1826 548:

326 1883 435 1962 νόμῳ
459 1879 493 1942 δὲ
519 1883 664 1962 καθαρὸς
688 1878 793 1961 ἄλλοις
818 1882 849 1952 ἐς
873 1879 941 1945 τόδ’
966 1879 1083 1964 ἦλθον.

145 1987 215 2058 Una
239 1989 329 2057 litera
354 1990 457 2058 deleta
478 1991 583 2058 scribe
600 2000 690 2080 νόῳ.
717 1992 765 2058 Ad
782 1991 941 2059 diaeresin
959 1991 1056 2060 huius
1080 1993 1226 2061 vocabuli
1243 1993 1276 2060 in

146 2103 270 2170 melicis
295 2105 333 2171 cl.
352 2104 484 2172 Philoct.
504 2109 605 2185 1208,
623 2106 662 2172 ad
680 2106 827 2173 llativurn
842 2105 889 2173 li.
911 2109 975 2173 964
994 2115 1089 2176 κακοὶ
1102 2115 1276 2194 γνώμαισι.

191 2217 244 2284 Vs.
270 2221 356 2284 1419
382 2241 429 2308 sq.
632 2229 700 2300 πῶς
724 2229 784 2309 γὰρ
809 2217 908 2300 αὖθις
930 2229 974 2292 ἄν
999 2225 1099 2292 πάλιν

282 2336 451 2420 στράτευμ’
474 2344 624 2421 ἄγοιμι
649 2341 809 2405 ταύτὸν
836 2339 972 2416 εἰσάπαξ
997 2340 1121 2424 τρέσας.

193 2447 292 2516 Recte
327 2449 360 2516 iu
396 2456 516 2520 ταύτὸν
551 2451 653 2519 haesit
687 2451 808 2519 Nauck.
856 2451 916 2520 Sed
948 2472 1055 2538 neque
1091 2451 1178 2540 quod
1207 2452 1276 2541 ipse

146 2563 285 2631 ecuiecit
306 2567 417 2651 ἄγοιμ’
442 2574 599 2636 εὔτακτοι
624 2588 731 2656 neque
749 2569 836 2656 quud
854 2566 1010 2634 lleinekic
1028 2567 1148 2656 placuit
1162 2577 1275 2654 ἄγοιμι

144 2685 266 2748 τακτὸν
299 2678 379 2745 1111111
411 2679 548 2761 arridet,
583 2681 736 2768 quonium
760 2691 937 2769 utrumque
961 2681 1154 2749 adiectiruru
1180 2682 1275 2750 nimis

144 2791 249 2860 otiose
272 2794 457 2862 adderetur.
505 2795 617 2884 ltaque
640 2796 767 2863 malim:

279 2914 447 2997 στράτευμ’
469 2910 609 2996 ἄγοιμ’
634 2917 648 2977 ἐ
657 2939 672 2988 ς
697 2915 854 2980 ταύτὸν
880 2914 1016 2989 εἰσάπαξ
1040 2913 1164 2998 τρέσας.

145 3021 164 3088 i.
191 3043 217 3089 Β.
280 3025 466 3110 συλλέγαιμι
491 3045 516 3092 S.
541 3015 741 3112 ἄθροίζοιμι.

189 3137 240 3204 Vc.
268 3142 355 3205 1520
379 3159 469 3228 sqq.:

326 3263 429 3341 χῶρον
453 3262 512 3338 μὲν
537 3257 633 3333 αὐτὸς
658 3256 764 3324 αὐτίκ’
790 3258 984 3344 ἐξηγήσομαι

325 3375 466 3445 ἄθικτος
490 3379 668 3456 ήγητῆρος,
692 3361 730 3437 οὗ
751 3399 788 3454 με
814 3377 870 3458 χρὴ
895 3379 1027 3438 θανεῖν.

325 3499 439 3554 τοῦτον
465 3489 499 3554 δὲ
524 3491 622 3572 φράζε
647 3497 687 3570 μή
712 3483 786 3553 ποτ’
802 3488 988 3570 ἀνθρώπων
1014 3489 1092 3552 τινί.

324 3599 420 3684 [μηθ’
445 3593 481 3668 οὗ
504 3603 638 3667 κέκευθε
662 3601 733 3685 μήτ’
758 3601 793 3666 ὲν
819 3599 866 3675 οἷς
891 3607 994 3664 κεῖται
1020 3599 1158 3682 τόποις]Ι

190 3713 233 3782 Ut
262 3724 384 3781 taceant
417 3713 497 3780 mire
530 3725 662 3802 χῶρον
695 3712 758 3781 diei
792 3715 986 3781 κικιοοέιιαι
1020 3721 1051 3778 οι
1075 3723 1204 3781 artuum
1242 3716 1276 3781 ἐν

145 3839 312 3908 τόποις,
340 3829 473 3896 verbum
500 3840 642 3904 κιῖοσαι,
670 3829 791 3918 quippe
809 3827 901 3895 cuius
918 3826 1009 3894 notio
1031 3827 1093 3894 iarn
1112 3827 1277 3896 continea-

146 3955 199 4012 tur
222 3945 354 4012 uotioue
378 3945 467 4011 verbi
492 3947 707 4024 κικιυθὲιαι,
734 3965 807 4011 cum
833 3943 884 4010 illa
906 3941 997 4029 iungi
1015 3942 1148 4009 omuino
1164 3941 1278 4030 nequit

147 4079 205 4146 per
231 4059 351 4148 duplex
373 4071 450 4144 μήτι
492 4059 660 4126 Praeterea
681 4069 785 4127 aetate
808 4057 1004 4146 Sophoclea,
1024 4077 1124 4145 quum
1142 4057 1277 4124 rcrburu

145 4179 278 4260 φράζειν
300 4173 466 4263 antiquare
491 4175 666 4242 indicandi
691 4173 960 4262 significationem
977 4173 1123 4240 noudum
1141 4194 1277 4261 prorsus

145 4300 295 4368 exuerat,
320 4299 406 4356 totus
431 4309 544 4356 versus
569 4299 637 4356 erat
662 4289 756 4377 plene
773 4308 1053 4376 supervacaneus,
1072 4307 1180 4376 neque
1202 4297 1277 4355 ante

145 4404 274 4473 additus
299 4425 370 4473 esse
395 4403 522 4472 videtur
542 4425 639 4494 quam
655 4403 740 4472 inter
756 4403 834 4472 illud
852 4402 987 4472 verbum
1005 4413 1037 4470 et
1055 4404 1162 4488 λέγειν
1180 4424 1276 4473 cruuc

146 4518 322 4591 discrimen
346 4521 483 4590 evanuit.
