2974 5016
614 414 675 478 181

124 586 156 668 1)
182 585 405 671 Oourpendium
438 584 620 652 historicum
657 611 674 654 a
709 591 864 656 creatione
896 591 1004 656 mundi
1043 615 1138 678 nsque
1173 595 1210 660 ad

78 698 242 764 Valentem
275 701 484 786 imperatorem
520 691 693 790 ἀκέφαλον,
729 705 883 791 incipiens
915 728 932 770 a
965 707 1084 774 verbis:
1117 731 1211 777 ..σου

78 805 227 900 ἅπελριυς
254 812 307 878 καὶ
328 806 479 890 dativum
497 815 539 903 τῇ
566 815 609 903 γῇ
642 816 895 906 περικεχυμένης
925 817 1110 906 προσέταξε
1137 843 1212 888 oae-

77 924 191 1012 ρέωμιι
204 924 359 1009 γενέσθαι
369 924 402 992 ἐκ
417 930 480 992 τῶν
489 917 618 994 dadam
630 926 662 994 ἐν
672 927 763 1014 μέσῳ
777 921 890 996 αὐτῶν.
903 933 1097 998 Terminatnr
1109 942 1209 1002 autern

78 1039 199 1104 verbis:
222 1031 442 1127 προσβάλλειν
474 1039 678 1127 ἐπεχείρουν·
709 1039 764 1106 ἐπὶ
786 1034 914 1120 τούτοις
935 1045 972 1112 δὲ
991 1048 1143 1130 χαλεπῶς
1173 1045 1209 1138 ἡ,

76 1178 155 1239 quae
173 1155 293 1218 iaciunt
316 1154 405 1220 finam
428 1155 641 1241 quaternionis
662 1144 722 1236 aff.
753 1157 849 1222 Deest
882 1161 1044 1244 quaternio
1067 1152 1124 1246 κγ’.
1149 1164 1210 1230 Co-

77 1271 158 1336 dicis
180 1271 323 1347 initium,
355 1277 426 1336 nte
449 1272 539 1357 primi
564 1272 777 1356 quaternionis
799 1275 918 1340 ratione
940 1285 1079 1362 apparet,
1114 1281 1210 1346 unius

76 1393 198 1450 tantum
230 1384 297 1450 lolii
323 1385 443 1452 defectu
466 1385 595 1453 laborat.
626 1387 684 1452 Est
715 1393 815 1455 autem
840 1387 899 1456 boe
930 1413 1007 1478 opus
1036 1385 1057 1478 ἡ
1088 1387 1209 1482 φυσική

75 1499 205 1582 ὶονορλα
224 1501 283 1566 τοῦ
305 1491 548 1582 Πολυδεύκους,
581 1525 671 1587 quarn
711 1525 737 1568 a.
776 1507 860 1570 1⁷95
897 1507 1033 1572 «loannes
1065 1509 1208 1594 Baptista

72 1615 268 1682 Bianconins
299 1639 336 1682 ex
370 1616 429 1682 hoo
457 1617 564 1682 codice
592 1619 776 1705 descriptam
801 1620 909 1686 edidit.
938 1623 1126 1688 Continetur
1148 1623 1208 1690 hoc

73 1754 154 1818 opus
177 1731 262 1798 foliis
278 1735 339 1798 175
364 1734 384 1798 i.
409 1755 434 1798 e.
465 1734 508 1798 22
541 1735 810 1818 quaternionibus,
833 1745 961 1824 excepto
994 1740 1092 1824 primo
1115 1739 1208 1818 folio,

72 1846 172 1934 quod,
197 1855 231 1914 ut
254 1850 317 1914 iam
337 1848 490 1928 diximus,
513 1850 614 1934 periit.

119 2059 155 2144 2)
179 2054 351 2128 Quaternio
373 2045 420 2119 κδ’
445 2055 558 2142 incipit
582 2077 598 2119 a
621 2055 794 2122 vocabulis:
832 2049 1012 2144 α’θέμρτος,
1042 2047 1208 2140 praefidens

70 2163 238 2252 θειιλμισος
260 2170 342 2255 (sic),
374 2192 452 2256 qnae
472 2139 630 2235 emendate
657 2170 804 2258 leguntur
838 2172 869 2236 in
902 2171 1038 2236 editione
1070 2171 1205 2236 Bekkcri

68 2286 177 2352 Berol.
209 2307 235 2350 a.
261 2289 345 2350 1846
386 2285 578 2352 Onomaatica'
610 2287 773 2366 Ρολλνολι,
805 2289 843 2352 A.
877 2287 894 2371 q
925 2290 976 2350 21.
1011 2286 1205 2372 Quamquam

71 2401 170 2466 codex
193 2407 334 2466 exaratus
362 2407 409 2466 est
432 2424 449 2464 a
471 2401 614 2480 librario,
639 2409 674 2467 ut
696 2401 743 2467 vel
764 2401 893 2468 etribus
916 2403 1023 2488 primis
1047 2401 1205 2467 vocabulis

69 2522 215 2602 apparet,
247 2517 462 2582 indoctissimo
485 2522 577 2602 atque
596 2517 827 2604 stupidissimo,
858 2515 1061 2582 nihilominus
1081 2539 1097 2580 e
1121 2519 1205 2581 sonte

68 2655 212 2698 manasse
226 2632 347 2698 videtur
364 2631 506 2698 nonnihil
526 2633 702 2712 sinceriore,
717 2655 807 2718 quam
831 2632 957 2718 reliqua,
970 2655 1048 2718 qnae
1060 2632 1204 2697 habemus

68 2748 256 2835 exemplaria
280 2750 496 2835 manuscripta.
531 2748 707 2814 Dolcndum
738 2755 840 2814 tamen
874 2753 920 2814 est
953 2771 1014 2814 non
1047 2749 1204 2836 integrum

67 2865 295 2930 Onomaaticon
319 2867 353 2930 in
376 2865 484 2930 codiee
506 2863 580 2930 adeo
609 2871 730 2930 vetusto
750 2869 884 2941 exstare,
919 2865 970 2929 aad
994 2866 1203 2952 fragmentum

65 3001 135 3045 esse
159 2980 302 3046 foliorum
323 2982 366 3046 48
391 2981 448 3065 (=
472 2982 492 3046 3
516 2981 779 3067 quaternionum).
810 2981 934 3046 Finitur
957 2980 985 3046 B
1010 2981 1027 3065 b
1053 2981 1095 3044 77
1116 3002 1159 3044 vs.
1180 2985 1199 3044 6

65 3095 222 3161 vocabulo
244 3094 384 3170 Λυσίας.
406 3097 588 3183 Saepissime
603 3103 704 3162 antem
726 3102 756 3161 et
775 3097 812 3162 de
826 3097 990 3173 industria,
1011 3095 1201 3174 utvidetur,

64 3213 168 3278 multa
191 3211 340 3278 vocabula
363 3213 476 3278 omissa
498 3217 584 3291 sunt,
603 3213 649 3278 ita
671 3219 788 3279 utnon
812 3234 882 3277 raro
900 3213 1048 3300 epitomes
1068 3212 1199 3298 speciem

63 3352 141 3418 prae
160 3351 193 3393 se
214 3331 306 3406 ierat,
331 3328 414 3394 nndc
425 3329 478 3406 fit,
501 3333 537 3393 nt
556 3329 735 3394 cautissime
754 3328 814 3393 boc
835 3328 943 3394 codice
966 3327 1113 3393 utendum
1136 3347 1200 3392 esse

61 3444 217 3512 videatur.
240 3445 364 3509 Etenim
387 3449 475 3508 tanto
498 3449 623 3530 stupore
654 3466 742 3530 saepe
765 3445 864 3509 oratio
888 3447 1049 3510 contracta
1084 3450 1132 3508 ast
1165 3443 1198 3506 in

60 3561 211 3636 brevius,
238 3569 274 3625 nt
303 3561 506 3646 fragmentum
525 3558 746 3645 Aristophanis
769 3583 796 3624 v.
825 3582 850 3624 c.
884 3561 1041 3625 tribuatur
1067 3557 1199 3623 subinde

58 3674 206 3755 Platoni,
229 3676 276 3740 vel
296 3674 514 3763 Xenophontis
536 3673 722 3760 Antiphani.
746 3675 813 3740 Hos
837 3675 936 3762 igitur
964 3680 1012 3739 tot
1033 3680 1198 3759 tantosque

58 3813 180 3858 errores
200 3813 269 3856 cum
290 3791 456 3856 lectoribus
468 3791 695 3856 communicare
712 3789 847 3854 hominis
860 3789 936 3854 mihi
949 3813 1013 3854 csse
1036 3787 1197 3854 videbatur

56 3907 231 3973 immodice
261 3907 360 3972 aliena
385 3905 582 3992 indulgentia
614 3905 788 3984 abutentis,
820 3905 950 3990 idcoqnc
979 3929 996 3972 e
1030 3903 1196 3969 collatione

56 4045 148 4098 mea,
171 4044 260 4107 quam
286 4043 355 4088 cum
375 4021 564 4109 pulvisculo,
580 4021 660 4106 quod
674 4023 771 4099 aiunt,
792 4021 961 4086 Mediolani
984 4021 1097 4108 degens
1120 4041 1194 4084 con·

55 4141 210 4218 feceram,
234 4162 267 4203 ea
290 4137 400 4226 selegi,
433 4161 510 4224 quae
539 4145 592 4203 aut
615 4137 708 4202 editis
732 4136 896 4200 manifesto
931 4141 1106 4222 praestent,
1140 4139 1194 4199 aut

55 4255 196 4338 aliquem
221 4261 303 4320 certe
333 4256 468 4321 fructum
504 4251 675 4319 scientibus
709 4251 852 4338 praebere
887 4273 976 4338 posse
1011 4251 1192 4326 videantur,

55 4371 239 4458 aliquando,
264 4371 314 4436 red
331 4372 439 4450 rarius,
456 4368 646 4436 intermixtis
659 4367 882 4454 insignioribus
907 4365 1090 4452 quibusdam
1115 4367 1191 4430 scri·
