<?xml version="1.0" encoding="UTF-8"?>
<!DOCTYPE html PUBLIC "-//W3C//DTD XHTML 1.0 Transitional//EN"
    "http://www.w3.org/TR/xhtml1/DTD/xhtml1-transitional.dtd">
<html xmlns="http://www.w3.org/1999/xhtml" xml:lang="en" lang="en">
 <head>
  <title>
</title>
<meta http-equiv="Content-Type" content="text/html;charset=utf-8" />
  <meta name='ocr-system' content='tesseract 3.04.00' />
  <meta name='ocr-capabilities' content='ocr_page ocr_carea ocr_par ocr_line ocrx_word'/>
</head>
<body>
  <div class='ocr_page' id='page_1' title='image "./exercitationesc02herwgoog/exercitationesc02herwgoog_0135.png"; bbox 0 0 2932 5004; ppageno 0'>
   <div class='ocr_carea' id='block_1_1' title="bbox 761 351 823 412">
    <p class='ocr_par' dir='ltr' id='par_1_1' title="bbox 761 351 823 412">
     <span class='ocr_line' id='line_1_1' title="bbox 761 351 823 412; baseline 0 0"><span class='ocrx_word' id='word_1_1' title='bbox 761 351 823 412; x_wconf 87' lang='lat'><strong>106</strong></span> 
     </span>
    </p>
   </div>
   <div class='ocr_carea' id='block_1_2' title="bbox 205 533 1400 3037">
    <p class='ocr_par' dir='ltr' id='par_1_2' title="bbox 206 533 1399 2431">
     <span class='ocr_line' id='line_1_2' title="bbox 208 533 1393 618; baseline 0.002 -19"><span class='ocrx_word' id='word_1_2' title='bbox 208 559 310 600; x_wconf 87' lang='grc' dir='ltr'><strong><em>ταντα</em></strong></span> <span class='ocrx_word' id='word_1_3' title='bbox 342 533 484 614; x_wconf 77' lang='grc' dir='ltr'><strong><em>γενέσθαι</em></strong></span> <span class='ocrx_word' id='word_1_4' title='bbox 516 535 558 600; x_wconf 90' lang='grc' dir='ltr'><strong><em>τά</em></strong></span> <span class='ocrx_word' id='word_1_5' title='bbox 589 537 734 615; x_wconf 79' lang='grc' dir='ltr'><strong><em>Τρωϊκά,</em></strong></span> <span class='ocrx_word' id='word_1_6' title='bbox 766 537 797 599; x_wconf 83' lang='grc' dir='ltr'><strong>ἐν</strong></span> <span class='ocrx_word' id='word_1_7' title='bbox 828 543 904 602; x_wconf 85' lang='grc' dir='ltr'><strong><em>τοῖοι</em></strong></span> <span class='ocrx_word' id='word_1_8' title='bbox 929 536 963 599; x_wconf 80' lang='grc' dir='ltr'><strong>οὐ</strong></span> <span class='ocrx_word' id='word_1_9' title='bbox 986 533 1205 618; x_wconf 70' lang='grc' dir='ltr'><strong>φαυλοτάτους</strong></span> <span class='ocrx_word' id='word_1_10' title='bbox 1229 536 1393 618; x_wconf 71' lang='grc' dir='ltr'><strong><em>φαίνεσθαι</em></strong></span> 
     </span>
     <span class='ocr_line' id='line_1_3' title="bbox 208 653 1395 739; baseline 0.001 -18"><span class='ocrx_word' id='word_1_11' title='bbox 208 656 313 729; x_wconf 71' lang='grc' dir='ltr'><strong><em>ἐόντας</em></strong></span> <span class='ocrx_word' id='word_1_12' title='bbox 345 663 466 737; x_wconf 72' lang='grc' dir='ltr'><strong><em>Κρῆτας</em></strong></span> <span class='ocrx_word' id='word_1_13' title='bbox 499 655 645 735; x_wconf 82' lang='grc' dir='ltr'><strong><em>τιμωροὺς</em></strong></span> <span class='ocrx_word' id='word_1_14' title='bbox 678 655 833 738; x_wconf 79' lang='grc' dir='ltr'><strong><em>Μενέλεῳ.</em></strong></span> <span class='ocrx_word' id='word_1_15' title='bbox 881 655 967 722; x_wconf 78' lang='grc' dir='ltr'><strong><em>Ἀντί</em></strong></span> <span class='ocrx_word' id='word_1_16' title='bbox 999 653 1113 721; x_wconf 77' lang='grc' dir='ltr'><strong><em>τούτων</em></strong></span> <span class='ocrx_word' id='word_1_17' title='bbox 1142 655 1175 722; x_wconf 71' lang='grc' dir='ltr'><strong>δέ</strong></span> <span class='ocrx_word' id='word_1_18' title='bbox 1205 661 1264 739; x_wconf 87' lang='grc' dir='ltr'><strong>οφι</strong></span> <span class='ocrx_word' id='word_1_19' title='bbox 1288 658 1395 722; x_wconf 86' lang='grc' dir='ltr'><strong><em>ἀπονο-</em></strong></span> 
     </span>
     <span class='ocr_line' id='line_1_4' title="bbox 208 775 1395 858; baseline 0 -16"><span class='ocrx_word' id='word_1_20' title='bbox 208 779 342 853; x_wconf 78' lang='grc' dir='ltr'><strong><em>οτιίτατι</em></strong></span> <span class='ocrx_word' id='word_1_21' title='bbox 374 778 408 842; x_wconf 73' lang='lat' dir='ltr'><strong>dn</strong></span> <span class='ocrx_word' id='word_1_22' title='bbox 439 776 548 858; x_wconf 87' lang='grc' dir='ltr'><strong><em>Τροίης</em></strong></span> <span class='ocrx_word' id='word_1_23' title='bbox 572 777 662 856; x_wconf 78' lang='grc' dir='ltr'><strong><em>λιμόν</em></strong></span> <span class='ocrx_word' id='word_1_24' title='bbox 686 801 721 843; x_wconf 91' lang='grc' dir='ltr'><strong>τε</strong></span> <span class='ocrx_word' id='word_1_25' title='bbox 745 777 797 842; x_wconf 77' lang='grc' dir='ltr'><strong><em>καί</em></strong></span> <span class='ocrx_word' id='word_1_26' title='bbox 822 777 928 856; x_wconf 81' lang='grc' dir='ltr'><strong><em>λοιμὸν</em></strong></span> <span class='ocrx_word' id='word_1_27' title='bbox 950 777 1095 856; x_wconf 73' lang='grc' dir='ltr'><strong><em>γενέσθαι</em></strong></span> <span class='ocrx_word' id='word_1_28' title='bbox 1119 775 1174 844; x_wconf 80' lang='grc' dir='ltr'><strong><em>καὶ</em></strong></span> <span class='ocrx_word' id='word_1_29' title='bbox 1197 778 1317 843; x_wconf 79' lang='grc' dir='ltr'><strong><em>αὐτοῖσι</em></strong></span> <span class='ocrx_word' id='word_1_30' title='bbox 1340 777 1395 843; x_wconf 74' lang='grc' dir='ltr'><strong><em>καὶ</em></strong></span> 
     </span>
     <span class='ocr_line' id='line_1_5' title="bbox 208 897 1396 994; baseline 0.001 -32"><span class='ocrx_word' id='word_1_31' title='bbox 208 905 285 962; x_wconf 81' lang='grc' dir='ltr'><strong><em>τοῖσι</em></strong></span> <span class='ocrx_word' id='word_1_32' title='bbox 316 897 513 978; x_wconf 81' lang='grc' dir='ltr'><strong><em>προβάτοιτι,</em></strong></span> <span class='ocrx_word' id='word_1_33' title='bbox 545 897 617 964; x_wconf 80' lang='grc' dir='ltr'><strong><em>ἔστε</em></strong></span> <span class='ocrx_word' id='word_1_34' title='bbox 645 900 680 966; x_wconf 76' lang='grc' dir='ltr'><strong>τὸ</strong></span> <span class='ocrx_word' id='word_1_35' title='bbox 704 899 840 980; x_wconf 80' lang='grc' dir='ltr'><strong><em>δεύτερον</em></strong></span> <span class='ocrx_word' id='word_1_36' title='bbox 861 898 1060 979; x_wconf 73' lang='grc' dir='ltr'><strong>ἐρημωθείσης</strong></span> <span class='ocrx_word' id='word_1_37' title='bbox 1084 899 1202 994; x_wconf 76' lang='grc' dir='ltr'><strong><em>Κρήτης</em></strong></span> <span class='ocrx_word' id='word_1_38' title='bbox 1226 898 1312 977; x_wconf 83' lang='grc' dir='ltr'><strong>μετά</strong></span> <span class='ocrx_word' id='word_1_39' title='bbox 1335 899 1396 963; x_wconf 79' lang='grc' dir='ltr'><strong>τῶν</strong></span> 
     </span>
     <span class='ocr_line' id='line_1_6' title="bbox 207 1003 1396 1100; baseline 0.001 -18"><span class='ocrx_word' id='word_1_40' title='bbox 207 1019 378 1084; x_wconf 76' lang='grc' dir='ltr'><strong><em>ὑπολοίπων</em></strong></span> <span class='ocrx_word' id='word_1_41' title='bbox 406 1003 541 1100; x_wconf 77' lang='grc' dir='ltr'><strong><em>τρίτους</em></strong></span> <span class='ocrx_word' id='word_1_42' title='bbox 557 1021 653 1096; x_wconf 76' lang='grc' dir='ltr'><strong><em>αὐτην</em></strong></span> <span class='ocrx_word' id='word_1_43' title='bbox 682 1023 733 1086; x_wconf 82' lang='grc' dir='ltr'><strong>νῦν</strong></span> <span class='ocrx_word' id='word_1_44' title='bbox 765 1019 907 1097; x_wconf 77' lang='grc' dir='ltr'><strong><em>νέμεσθαι</em></strong></span> <span class='ocrx_word' id='word_1_45' title='bbox 932 1026 1066 1100; x_wconf 80' lang='grc' dir='ltr'><strong><em>Κρῆτας.</em></strong></span> <span class='ocrx_word' id='word_1_46' title='bbox 1114 1017 1287 1083; x_wconf 86' lang='lat' dir='ltr'><strong>Tantorum</strong></span> <span class='ocrx_word' id='word_1_47' title='bbox 1322 1039 1396 1084; x_wconf 80' lang='lat' dir='ltr'><strong>vero</strong></span> 
     </span>
     <span class='ocr_line' id='line_1_7' title="bbox 206 1137 1396 1229; baseline 0.001 -25"><span class='ocrx_word' id='word_1_48' title='bbox 206 1139 361 1205; x_wconf 86' lang='lat' dir='ltr'><strong>maiorum</strong></span> <span class='ocrx_word' id='word_1_49' title='bbox 383 1139 478 1229; x_wconf 89' lang='lat' dir='ltr'><strong>primi</strong></span> <span class='ocrx_word' id='word_1_50' title='bbox 502 1152 643 1206; x_wconf 87' lang='lat' dir='ltr'><strong>auctores</strong></span> <span class='ocrx_word' id='word_1_51' title='bbox 665 1141 754 1207; x_wconf 88' lang='lat' dir='ltr'><strong>inere</strong></span> <span class='ocrx_word' id='word_1_52' title='bbox 779 1141 917 1206; x_wconf 89' lang='lat' dir='ltr'><strong>Troiani.</strong></span> <span class='ocrx_word' id='word_1_53' title='bbox 967 1139 1115 1206; x_wconf 87' lang='lat' dir='ltr'><strong>Ceterum</strong></span> <span class='ocrx_word' id='word_1_54' title='bbox 1137 1137 1295 1228; x_wconf 81' lang='lat' dir='ltr'><strong>quomodo</strong></span> <span class='ocrx_word' id='word_1_55' title='bbox 1314 1137 1396 1206; x_wconf 90' lang='lat' dir='ltr'><strong>baec</strong></span> 
     </span>
     <span class='ocr_line' id='line_1_8' title="bbox 208 1258 1398 1351; baseline 0 -27"><span class='ocrx_word' id='word_1_56' title='bbox 208 1260 396 1326; x_wconf 76' lang='lat' dir='ltr'><strong>cohaereant</strong></span> <span class='ocrx_word' id='word_1_57' title='bbox 429 1281 502 1326; x_wconf 88' lang='lat' dir='ltr'><strong>curn</strong></span> <span class='ocrx_word' id='word_1_58' title='bbox 533 1262 590 1340; x_wconf 92' lang='lat' dir='ltr'><strong>iis,</strong></span> <span class='ocrx_word' id='word_1_59' title='bbox 627 1283 709 1350; x_wconf 86' lang='lat' dir='ltr'><strong>qnae</strong></span> <span class='ocrx_word' id='word_1_60' title='bbox 740 1261 810 1327; x_wconf 90' lang='lat' dir='ltr'><strong>ioco</strong></span> <span class='ocrx_word' id='word_1_61' title='bbox 841 1273 948 1327; x_wconf 85' lang='lat' dir='ltr'><strong>nostro</strong></span> <span class='ocrx_word' id='word_1_62' title='bbox 976 1258 1191 1351; x_wconf 83' lang='lat' dir='ltr'><strong>praecedunt,</strong></span> <span class='ocrx_word' id='word_1_63' title='bbox 1228 1281 1292 1324; x_wconf 93' lang='lat' dir='ltr'><strong>non</strong></span> <span class='ocrx_word' id='word_1_64' title='bbox 1323 1262 1398 1326; x_wconf 88' lang='lat' dir='ltr'><strong>satis</strong></span> 
     </span>
     <span class='ocr_line' id='line_1_9' title="bbox 207 1380 1398 1471; baseline 0 -25"><span class='ocrx_word' id='word_1_65' title='bbox 207 1381 380 1470; x_wconf 85' lang='lat' dir='ltr'><strong>perspicio,</strong></span> <span class='ocrx_word' id='word_1_66' title='bbox 423 1381 483 1446; x_wconf 90' lang='lat' dir='ltr'><strong>nisi</strong></span> <span class='ocrx_word' id='word_1_67' title='bbox 521 1380 601 1447; x_wconf 85' lang='lat' dir='ltr'><strong>iorte</strong></span> <span class='ocrx_word' id='word_1_68' title='bbox 640 1403 721 1470; x_wconf 87' lang='lat' dir='ltr'><strong>quae</strong></span> <span class='ocrx_word' id='word_1_69' title='bbox 753 1381 805 1447; x_wconf 89' lang='lat' dir='ltr'><strong>hic</strong></span> <span class='ocrx_word' id='word_1_70' title='bbox 834 1394 1027 1447; x_wconf 89' lang='lat' dir='ltr'><strong>memoratur</strong></span> <span class='ocrx_word' id='word_1_71' title='bbox 1059 1380 1304 1471; x_wconf 76' lang='lat' dir='ltr'><strong>Agamemnonis</strong></span> <span class='ocrx_word' id='word_1_72' title='bbox 1335 1382 1398 1462; x_wconf 87' lang='grc' dir='ltr'><strong>ἀρά</strong></span> 
     </span>
     <span class='ocr_line' id='line_1_10' title="bbox 208 1499 1399 1592; baseline 0.001 -27"><span class='ocrx_word' id='word_1_73' title='bbox 208 1501 253 1566; x_wconf 85' lang='lat' dir='ltr'><strong>sio</strong></span> <span class='ocrx_word' id='word_1_74' title='bbox 285 1523 300 1564; x_wconf 91' lang='lat' dir='ltr'><strong>a</strong></span> <span class='ocrx_word' id='word_1_75' title='bbox 334 1499 399 1566; x_wconf 84' lang='lat' dir='ltr'><strong>Iiiis</strong></span> <span class='ocrx_word' id='word_1_76' title='bbox 430 1499 554 1590; x_wconf 86' lang='lat' dir='ltr'><strong>expleta</strong></span> <span class='ocrx_word' id='word_1_77' title='bbox 584 1514 648 1580; x_wconf 88' lang='lat' dir='ltr'><strong>est,</strong></span> <span class='ocrx_word' id='word_1_78' title='bbox 673 1513 709 1566; x_wconf 90' lang='lat' dir='ltr'><strong>ut</strong></span> <span class='ocrx_word' id='word_1_79' title='bbox 732 1501 909 1592; x_wconf 71' lang='lat' dir='ltr'><strong>pestilentia</strong></span> <span class='ocrx_word' id='word_1_80' title='bbox 934 1514 966 1568; x_wconf 90' lang='lat' dir='ltr'><strong>et</strong></span> <span class='ocrx_word' id='word_1_81' title='bbox 988 1502 1072 1568; x_wconf 86' lang='lat' dir='ltr'><strong>fame</strong></span> <span class='ocrx_word' id='word_1_82' title='bbox 1095 1511 1204 1567; x_wconf 88' lang='lat' dir='ltr'><strong>ornnes</strong></span> <span class='ocrx_word' id='word_1_83' title='bbox 1229 1499 1399 1568; x_wconf 77' lang='lat' dir='ltr'><strong>Cretenses</strong></span> 
     </span>
     <span class='ocr_line' id='line_1_11' title="bbox 208 1620 1397 1712; baseline 0.002 -26"><span class='ocrx_word' id='word_1_84' title='bbox 208 1620 350 1686; x_wconf 79' lang='lat' dir='ltr'><strong>funditus</strong></span> <span class='ocrx_word' id='word_1_85' title='bbox 389 1621 651 1712; x_wconf 73' lang='lat' dir='ltr'><strong>exstirpaverint?</strong></span> <span class='ocrx_word' id='word_1_86' title='bbox 700 1621 759 1686; x_wconf 81' lang='lat' dir='ltr'><strong>Vix</strong></span> <span class='ocrx_word' id='word_1_87' title='bbox 796 1623 882 1688; x_wconf 88' lang='lat' dir='ltr'><strong>enim</strong></span> <span class='ocrx_word' id='word_1_88' title='bbox 921 1621 1050 1702; x_wconf 88' lang='lat' dir='ltr'><strong>dubito,</strong></span> <span class='ocrx_word' id='word_1_89' title='bbox 1083 1624 1160 1711; x_wconf 89' lang='lat' dir='ltr'><strong>quin</strong></span> <span class='ocrx_word' id='word_1_90' title='bbox 1194 1622 1397 1712; x_wconf 81' lang='lat' dir='ltr'><strong>proverbium</strong></span> 
     </span>
     <span class='ocr_line' id='line_1_12' title="bbox 207 1740 1397 1833; baseline 0.003 -27"><span class='ocrx_word' id='word_1_91' title='bbox 207 1742 244 1808; x_wconf 72' lang='lat' dir='ltr'><strong>tr·</strong></span> <span class='ocrx_word' id='word_1_92' title='bbox 276 1743 337 1814; x_wconf 78' lang='grc' dir='ltr'><strong><em>ἑνὸς</em></strong></span> <span class='ocrx_word' id='word_1_93' title='bbox 368 1741 480 1824; x_wconf 79' lang='grc' dir='ltr'><strong><em>στίχου</em></strong></span> <span class='ocrx_word' id='word_1_94' title='bbox 507 1740 665 1821; x_wconf 76' lang='grc' dir='ltr'><strong><em>μηνύουσα</em></strong></span> <span class='ocrx_word' id='word_1_95' title='bbox 692 1745 748 1818; x_wconf 76' lang='grc' dir='ltr'><strong>την</strong></span> <span class='ocrx_word' id='word_1_96' title='bbox 778 1748 830 1809; x_wconf 80' lang='grc' dir='ltr'><strong>νῦν</strong></span> <span class='ocrx_word' id='word_1_97' title='bbox 860 1742 1024 1822; x_wconf 75' lang='grc' dir='ltr'><strong><em>γενομένην</em></strong></span> <span class='ocrx_word' id='word_1_98' title='bbox 1053 1743 1249 1824; x_wconf 71' lang='grc' dir='ltr'><strong>περιπέτειαν</strong></span> <span class='ocrx_word' id='word_1_99' title='bbox 1275 1755 1397 1833; x_wconf 80' lang='lat' dir='ltr'><strong>spectet</strong></span> 
     </span>
     <span class='ocr_line' id='line_1_13' title="bbox 207 1861 1395 1954; baseline 0.002 -26"><span class='ocrx_word' id='word_1_100' title='bbox 207 1863 352 1928; x_wconf 83' lang='lat' dir='ltr'><strong>odiliam</strong></span> <span class='ocrx_word' id='word_1_101' title='bbox 371 1863 599 1953; x_wconf 87' lang='lat' dir='ltr'><strong>pestilentiam,</strong></span> <span class='ocrx_word' id='word_1_102' title='bbox 621 1861 660 1928; x_wconf 94' lang='lat' dir='ltr'><strong>de</strong></span> <span class='ocrx_word' id='word_1_103' title='bbox 681 1883 743 1952; x_wconf 88' lang='lat' dir='ltr'><strong>qua</strong></span> <span class='ocrx_word' id='word_1_104' title='bbox 764 1863 796 1929; x_wconf 92' lang='lat' dir='ltr'><strong>in</strong></span> <span class='ocrx_word' id='word_1_105' title='bbox 811 1863 1092 1954; x_wconf 86' lang='lat' dir='ltr'><strong>praecedentibus,</strong></span> <span class='ocrx_word' id='word_1_106' title='bbox 1113 1885 1195 1953; x_wconf 87' lang='lat' dir='ltr'><strong>quae</strong></span> <span class='ocrx_word' id='word_1_107' title='bbox 1210 1863 1395 1954; x_wconf 91' lang='lat' dir='ltr'><strong>perierunt,</strong></span> 
     </span>
     <span class='ocr_line' id='line_1_14' title="bbox 208 1981 1395 2075; baseline 0.001 -26"><span class='ocrx_word' id='word_1_108' title='bbox 208 1983 247 2050; x_wconf 83' lang='lat' dir='ltr'><strong>l).</strong></span> <span class='ocrx_word' id='word_1_109' title='bbox 284 1983 426 2049; x_wconf 89' lang='lat' dir='ltr'><strong>locutum</strong></span> <span class='ocrx_word' id='word_1_110' title='bbox 460 1983 555 2048; x_wconf 73' lang='lat' dir='ltr'><strong>fusse</strong></span> <span class='ocrx_word' id='word_1_111' title='bbox 589 1984 739 2074; x_wconf 87' lang='lat' dir='ltr'><strong>suspicor.</strong></span> <span class='ocrx_word' id='word_1_112' title='bbox 787 1981 870 2050; x_wconf 87' lang='lat' dir='ltr'><strong>Nam</strong></span> <span class='ocrx_word' id='word_1_113' title='bbox 904 1985 1032 2074; x_wconf 90' lang='lat' dir='ltr'><strong>inepte,</strong></span> <span class='ocrx_word' id='word_1_114' title='bbox 1069 1996 1105 2049; x_wconf 90' lang='lat' dir='ltr'><strong>nt</strong></span> <span class='ocrx_word' id='word_1_115' title='bbox 1139 1985 1261 2075; x_wconf 88' lang='lat' dir='ltr'><strong>saepius</strong></span> <span class='ocrx_word' id='word_1_116' title='bbox 1297 1984 1395 2064; x_wconf 88' lang='lat' dir='ltr'><strong>alibi,</strong></span> 
     </span>
     <span class='ocr_line' id='line_1_15' title="bbox 207 2103 1394 2195; baseline 0.001 -25"><span class='ocrx_word' id='word_1_117' title='bbox 207 2104 294 2170; x_wconf 88' lang='lat' dir='ltr'><strong>hunc</strong></span> <span class='ocrx_word' id='word_1_118' title='bbox 325 2125 452 2192; x_wconf 86' lang='lat' dir='ltr'><strong>quoque</strong></span> <span class='ocrx_word' id='word_1_119' title='bbox 482 2103 589 2168; x_wconf 91' lang='lat' dir='ltr'><strong>locum</strong></span> <span class='ocrx_word' id='word_1_120' title='bbox 619 2105 652 2168; x_wconf 93' lang='lat' dir='ltr'><strong>in</strong></span> <span class='ocrx_word' id='word_1_121' title='bbox 683 2104 807 2170; x_wconf 79' lang='lat' dir='ltr'><strong>brevius</strong></span> <span class='ocrx_word' id='word_1_122' title='bbox 839 2103 1028 2170; x_wconf 74' lang='lat' dir='ltr'><strong>contraxisse</strong></span> <span class='ocrx_word' id='word_1_123' title='bbox 1059 2104 1183 2170; x_wconf 82' lang='lat' dir='ltr'><strong>ridetur</strong></span> <span class='ocrx_word' id='word_1_124' title='bbox 1205 2105 1394 2195; x_wconf 74' lang='lat' dir='ltr'><strong>eclogarins.</strong></span> 
     </span>
     <span class='ocr_line' id='line_1_16' title="bbox 209 2221 1399 2311; baseline 0.004 -22"><span class='ocrx_word' id='word_1_125' title='bbox 209 2223 357 2290; x_wconf 80' lang='lat' dir='ltr'><strong>Ceterum</strong></span> <span class='ocrx_word' id='word_1_126' title='bbox 370 2221 590 2311; x_wconf 75' lang='lat' dir='ltr'><strong>corrigendum</strong></span> <span class='ocrx_word' id='word_1_127' title='bbox 608 2223 741 2289; x_wconf 86' lang='lat' dir='ltr'><strong>ridetur:</strong></span> <span class='ocrx_word' id='word_1_128' title='bbox 765 2223 851 2290; x_wconf 85' lang='grc' dir='ltr'><strong><em>ιιατά</em></strong></span> <span class='ocrx_word' id='word_1_129' title='bbox 867 2226 926 2290; x_wconf 80' lang='grc' dir='ltr'><strong>τῶν</strong></span> <span class='ocrx_word' id='word_1_130' title='bbox 942 2224 1191 2309; x_wconf 70' lang='grc' dir='ltr'><strong><em>ἀπολειφθέντων</em></strong></span> <span class='ocrx_word' id='word_1_131' title='bbox 1211 2226 1249 2292; x_wconf 72' lang='grc' dir='ltr'><strong>ἐν</strong></span> <span class='ocrx_word' id='word_1_132' title='bbox 1270 2229 1399 2311; x_wconf 73' lang='grc' dir='ltr'><strong><em>Κρήτη</em></strong></span> 
     </span>
     <span class='ocr_line' id='line_1_17' title="bbox 207 2343 697 2431; baseline -0.004 -21"><span class='ocrx_word' id='word_1_133' title='bbox 207 2349 400 2425; x_wconf 75' lang='grc' dir='ltr'><strong><em>στρατιωτῶν</em></strong></span> <span class='ocrx_word' id='word_1_134' title='bbox 423 2364 480 2431; x_wconf 85' lang='lat' dir='ltr'><strong>pro</strong></span> <span class='ocrx_word' id='word_1_135' title='bbox 503 2343 546 2417; x_wconf 76' lang='grc' dir='ltr'><strong><em>εἷς</em></strong></span> <span class='ocrx_word' id='word_1_136' title='bbox 570 2344 697 2425; x_wconf 72' lang='grc' dir='ltr'><strong><em>Κρήτην.</em></strong></span> 
     </span>
    </p>

    <p class='ocr_par' dir='ltr' id='par_1_3' title="bbox 205 2463 1400 3037">
     <span class='ocr_line' id='line_1_18' title="bbox 253 2463 1397 2554; baseline 0.003 -24"><span class='ocrx_word' id='word_1_137' title='bbox 253 2465 347 2530; x_wconf 89' lang='lat' dir='ltr'><strong>Plora</strong></span> <span class='ocrx_word' id='word_1_138' title='bbox 382 2485 509 2552; x_wconf 90' lang='lat' dir='ltr'><strong>quoque</strong></span> <span class='ocrx_word' id='word_1_139' title='bbox 542 2463 658 2530; x_wconf 87' lang='lat' dir='ltr'><strong>urenda</strong></span> <span class='ocrx_word' id='word_1_140' title='bbox 690 2463 834 2532; x_wconf 84' lang='lat' dir='ltr'><strong>obsident</strong></span> <span class='ocrx_word' id='word_1_141' title='bbox 864 2465 903 2531; x_wconf 88' lang='lat' dir='ltr'><strong>fr.</strong></span> <span class='ocrx_word' id='word_1_142' title='bbox 941 2463 1033 2532; x_wconf 76' lang='lat' dir='ltr'><strong>nvn</strong></span> <span class='ocrx_word' id='word_1_143' title='bbox 1068 2463 1182 2554; x_wconf 72' lang='grc' dir='ltr'><strong>(ΧΠ).</strong></span> <span class='ocrx_word' id='word_1_144' title='bbox 1232 2467 1315 2533; x_wconf 81' lang='lat' dir='ltr'><strong>Lare</strong></span> <span class='ocrx_word' id='word_1_145' title='bbox 1348 2482 1397 2534; x_wconf 87' lang='lat' dir='ltr'><strong>est</strong></span> 
     </span>
     <span class='ocr_line' id='line_1_19' title="bbox 207 2584 1400 2676; baseline 0.001 -24"><span class='ocrx_word' id='word_1_146' title='bbox 207 2585 292 2676; x_wconf 88' lang='lat' dir='ltr'><strong>quod</strong></span> <span class='ocrx_word' id='word_1_147' title='bbox 315 2609 359 2650; x_wconf 86' lang='lat' dir='ltr'><strong>rs.</strong></span> <span class='ocrx_word' id='word_1_148' title='bbox 385 2589 406 2650; x_wconf 85' lang='grc'><strong>8</strong></span> <span class='ocrx_word' id='word_1_149' title='bbox 429 2585 578 2650; x_wconf 83' lang='lat' dir='ltr'><strong>scribitur</strong></span> <span class='ocrx_word' id='word_1_150' title='bbox 599 2584 744 2674; x_wconf 80' lang='lat' dir='ltr'><strong>neglecta</strong></span> <span class='ocrx_word' id='word_1_151' title='bbox 760 2585 859 2650; x_wconf 78' lang='lat' dir='ltr'><strong>erasi:</strong></span> <span class='ocrx_word' id='word_1_152' title='bbox 882 2585 995 2658; x_wconf 82' lang='grc' dir='ltr'><strong><em>καλοὺς</em></strong></span> <span class='ocrx_word' id='word_1_153' title='bbox 1018 2585 1085 2650; x_wconf 81' lang='grc' dir='ltr'><strong><em>καί</em></strong></span> <span class='ocrx_word' id='word_1_154' title='bbox 1109 2585 1257 2665; x_wconf 72' lang='grc' dir='ltr'><strong><em>ἀγαθούς.</em></strong></span> <span class='ocrx_word' id='word_1_155' title='bbox 1293 2587 1400 2653; x_wconf 80' lang='lat' dir='ltr'><strong>Multo</strong></span> 
     </span>
     <span class='ocr_line' id='line_1_20' title="bbox 205 2705 1396 2798; baseline 0.002 -24"><span class='ocrx_word' id='word_1_156' title='bbox 205 2709 329 2798; x_wconf 73' lang='lat' dir='ltr'><strong>gravius</strong></span> <span class='ocrx_word' id='word_1_157' title='bbox 359 2707 504 2773; x_wconf 84' lang='lat' dir='ltr'><strong>laborant</strong></span> <span class='ocrx_word' id='word_1_158' title='bbox 536 2729 618 2795; x_wconf 89' lang='lat' dir='ltr'><strong>quae</strong></span> <span class='ocrx_word' id='word_1_159' title='bbox 642 2705 793 2794; x_wconf 73' lang='lat' dir='ltr'><strong>leguntur</strong></span> <span class='ocrx_word' id='word_1_160' title='bbox 823 2729 865 2772; x_wconf 89' lang='lat' dir='ltr'><strong>rs.</strong></span> <span class='ocrx_word' id='word_1_161' title='bbox 893 2709 957 2772; x_wconf 80' lang='lat'><strong>20:</strong></span> <span class='ocrx_word' id='word_1_162' title='bbox 983 2705 1093 2786; x_wconf 73' lang='grc' dir='ltr'><strong><em>ἀνδρῶν</em></strong></span> <span class='ocrx_word' id='word_1_163' title='bbox 1117 2705 1148 2772; x_wconf 72' lang='grc' dir='ltr'><strong>ἀὲ</strong></span> <span class='ocrx_word' id='word_1_164' title='bbox 1168 2709 1396 2786; x_wconf 72' lang='grc' dir='ltr'><strong><em>καὶγυναικῶν</em></strong></span> 
     </span>
     <span class='ocr_line' id='line_1_21' title="bbox 206 2825 1395 2916; baseline 0.003 -25"><span class='ocrx_word' id='word_1_165' title='bbox 206 2827 406 2908; x_wconf 79' lang='grc' dir='ltr'><strong><em>ἑκατέρων</em></strong></span> <span class='ocrx_word' id='word_1_166' title='bbox 437 2827 623 2903; x_wconf 70' lang='grc' dir='ltr'><strong><em>διήλλαττεν</em></strong></span> <span class='ocrx_word' id='word_1_167' title='bbox 651 2825 895 2909; x_wconf 70' lang='grc' dir='ltr'><strong><em>ἀμφοτέρων</em></strong></span> <span class='ocrx_word' id='word_1_168' title='bbox 926 2827 969 2892; x_wconf 86' lang='grc' dir='ltr'><strong><em>τά</em></strong></span> <span class='ocrx_word' id='word_1_169' title='bbox 992 2826 1093 2904; x_wconf 83' lang='grc' dir='ltr'><strong><em>μέλη,</em></strong></span> <span class='ocrx_word' id='word_1_170' title='bbox 1118 2849 1200 2916; x_wconf 88' lang='lat' dir='ltr'><strong>qnae</strong></span> <span class='ocrx_word' id='word_1_171' title='bbox 1223 2829 1302 2894; x_wconf 86' lang='lat' dir='ltr'><strong>aiius</strong></span> <span class='ocrx_word' id='word_1_172' title='bbox 1326 2829 1395 2896; x_wconf 86' lang='lat' dir='ltr'><strong>ior-</strong></span> 
     </span>
     <span class='ocr_line' id='line_1_22' title="bbox 206 2945 1397 3037; baseline 0.004 -25"><span class='ocrx_word' id='word_1_173' title='bbox 206 2961 286 3013; x_wconf 85' lang='lat' dir='ltr'><strong>tasse</strong></span> <span class='ocrx_word' id='word_1_174' title='bbox 321 2945 521 3027; x_wconf 80' lang='lat' dir='ltr'><strong>emendabit,</strong></span> <span class='ocrx_word' id='word_1_175' title='bbox 557 2969 631 3013; x_wconf 91' lang='lat' dir='ltr'><strong>nam</strong></span> <span class='ocrx_word' id='word_1_176' title='bbox 667 2948 733 3037; x_wconf 89' lang='lat' dir='ltr'><strong>ipse</strong></span> <span class='ocrx_word' id='word_1_177' title='bbox 756 2947 835 3012; x_wconf 89' lang='lat' dir='ltr'><strong>mihi</strong></span> <span class='ocrx_word' id='word_1_178' title='bbox 859 2969 922 3012; x_wconf 93' lang='lat' dir='ltr'><strong>non</strong></span> <span class='ocrx_word' id='word_1_179' title='bbox 946 2947 1113 3014; x_wconf 84' lang='lat' dir='ltr'><strong>satisfacio.</strong></span> <span class='ocrx_word' id='word_1_180' title='bbox 1163 2948 1397 3017; x_wconf 86' lang='lat' dir='ltr'><strong>Difficultatem</strong></span> 
     </span>
    </p>
   </div>
   <div class='ocr_carea' id='block_1_3' title="bbox 205 3067 1397 3164">
    <p class='ocr_par' dir='ltr' id='par_1_4' title="bbox 205 3067 1397 3164">
     <span class='ocr_line' id='line_1_23' title="bbox 205 3067 1397 3164; baseline 0.003 -30"><span class='ocrx_word' id='word_1_181' title='bbox 205 3069 310 3146; x_wconf 88' lang='lat' dir='ltr'><strong>anim,</strong></span> <span class='ocrx_word' id='word_1_182' title='bbox 336 3089 398 3157; x_wconf 89' lang='lat' dir='ltr'><strong>qua</strong></span> <span class='ocrx_word' id='word_1_183' title='bbox 422 3067 501 3134; x_wconf 89' lang='lat' dir='ltr'><strong>baeo</strong></span> <span class='ocrx_word' id='word_1_184' title='bbox 523 3068 617 3134; x_wconf 85' lang='lat' dir='ltr'><strong>rerba</strong></span> <span class='ocrx_word' id='word_1_185' title='bbox 640 3067 805 3146; x_wconf 87' lang='lat' dir='ltr'><strong>laborant,</strong></span> <span class='ocrx_word' id='word_1_186' title='bbox 830 3067 923 3134; x_wconf 79' lang='lat' dir='ltr'><strong>facile</strong></span> <span class='ocrx_word' id='word_1_187' title='bbox 951 3068 1078 3164; x_wconf 81' lang='lat' dir='ltr'><strong>quidem</strong></span> <span class='ocrx_word' id='word_1_188' title='bbox 1104 3091 1263 3136; x_wconf 79' lang='lat' dir='ltr'><strong>removeas</strong></span> <span class='ocrx_word' id='word_1_189' title='bbox 1286 3074 1397 3162; x_wconf 87' lang='lat' dir='ltr'><strong>erpel-</strong></span> 
     </span>
    </p>
   </div>
   <div class='ocr_carea' id='block_1_4' title="bbox 203 3188 1400 4726">
    <p class='ocr_par' dir='ltr' id='par_1_5' title="bbox 204 3188 1397 3522">
     <span class='ocr_line' id='line_1_24' title="bbox 204 3188 1395 3280; baseline 0.003 -25"><span class='ocrx_word' id='word_1_190' title='bbox 204 3189 299 3255; x_wconf 91' lang='lat' dir='ltr'><strong>lendo</strong></span> <span class='ocrx_word' id='word_1_191' title='bbox 330 3199 361 3254; x_wconf 87' lang='lat' dir='ltr'><strong>et</strong></span> <span class='ocrx_word' id='word_1_192' title='bbox 380 3190 528 3270; x_wconf 77' lang='grc' dir='ltr'><strong><em>ἐιιατέρων</em></strong></span> <span class='ocrx_word' id='word_1_193' title='bbox 552 3201 584 3256; x_wconf 91' lang='lat' dir='ltr'><strong>et</strong></span> <span class='ocrx_word' id='word_1_194' title='bbox 605 3191 809 3272; x_wconf 80' lang='grc' dir='ltr'><strong><em>ἀμφοτέρων,</em></strong></span> <span class='ocrx_word' id='word_1_195' title='bbox 833 3188 887 3254; x_wconf 86' lang='lat' dir='ltr'><strong>sed</strong></span> <span class='ocrx_word' id='word_1_196' title='bbox 911 3188 995 3255; x_wconf 88' lang='lat' dir='ltr'><strong>unde</strong></span> <span class='ocrx_word' id='word_1_197' title='bbox 1019 3202 1190 3280; x_wconf 88' lang='lat' dir='ltr'><strong>utrumque</strong></span> <span class='ocrx_word' id='word_1_198' title='bbox 1214 3192 1246 3256; x_wconf 92' lang='lat' dir='ltr'><strong>in</strong></span> <span class='ocrx_word' id='word_1_199' title='bbox 1270 3203 1395 3258; x_wconf 84' lang='lat' dir='ltr'><strong>textum</strong></span> 
     </span>
     <span class='ocr_line' id='line_1_25' title="bbox 205 3309 1397 3402; baseline 0.002 -24"><span class='ocrx_word' id='word_1_200' title='bbox 205 3311 384 3401; x_wconf 86' lang='lat' dir='ltr'><strong>irrepserit,</strong></span> <span class='ocrx_word' id='word_1_201' title='bbox 424 3309 513 3375; x_wconf 92' lang='lat' dir='ltr'><strong>dictu</strong></span> <span class='ocrx_word' id='word_1_202' title='bbox 547 3322 594 3376; x_wconf 87' lang='lat' dir='ltr'><strong>est</strong></span> <span class='ocrx_word' id='word_1_203' title='bbox 631 3309 802 3384; x_wconf 75' lang='lat' dir='ltr'><strong>difficilius.</strong></span> <span class='ocrx_word' id='word_1_204' title='bbox 854 3313 958 3396; x_wconf 80' lang='lat' dir='ltr'><strong>Quare</strong></span> <span class='ocrx_word' id='word_1_205' title='bbox 996 3312 1101 3401; x_wconf 88' lang='lat' dir='ltr'><strong>potins</strong></span> <span class='ocrx_word' id='word_1_206' title='bbox 1137 3325 1207 3402; x_wconf 87' lang='lat' dir='ltr'><strong>post</strong></span> <span class='ocrx_word' id='word_1_207' title='bbox 1243 3313 1397 3395; x_wconf 73' lang='grc' dir='ltr'><strong><em>ἑκατέρων</em></strong></span> 
     </span>
     <span class='ocr_line' id='line_1_26' title="bbox 206 3429 862 3522; baseline -0.003 -25"><span class='ocrx_word' id='word_1_208' title='bbox 206 3433 327 3522; x_wconf 76' lang='lat' dir='ltr'><strong>aliquot</strong></span> <span class='ocrx_word' id='word_1_209' title='bbox 351 3429 445 3497; x_wconf 84' lang='lat' dir='ltr'><strong>rerba</strong></span> <span class='ocrx_word' id='word_1_210' title='bbox 469 3429 663 3496; x_wconf 85' lang='lat' dir='ltr'><strong>intercidisse</strong></span> <span class='ocrx_word' id='word_1_211' title='bbox 687 3431 862 3496; x_wconf 78' lang='lat' dir='ltr'><strong>statuerim.</strong></span> 
     </span>
    </p>

    <p class='ocr_par' dir='ltr' id='par_1_6' title="bbox 203 3551 1400 4726">
     <span class='ocr_line' id='line_1_27' title="bbox 251 3551 1393 3644; baseline 0.003 -26"><span class='ocrx_word' id='word_1_212' title='bbox 251 3553 288 3619; x_wconf 90' lang='lat' dir='ltr'><strong>ln</strong></span> <span class='ocrx_word' id='word_1_213' title='bbox 318 3554 355 3618; x_wconf 89' lang='lat' dir='ltr'><strong>iis</strong></span> <span class='ocrx_word' id='word_1_214' title='bbox 387 3575 467 3642; x_wconf 89' lang='lat' dir='ltr'><strong>quae</strong></span> <span class='ocrx_word' id='word_1_215' title='bbox 498 3551 693 3642; x_wconf 86' lang='lat' dir='ltr'><strong>praecedunt</strong></span> <span class='ocrx_word' id='word_1_216' title='bbox 724 3575 768 3617; x_wconf 84' lang='lat' dir='ltr'><strong>re.</strong></span> <span class='ocrx_word' id='word_1_217' title='bbox 797 3555 837 3617; x_wconf 85' lang='lat'><strong>15</strong></span> <span class='ocrx_word' id='word_1_218' title='bbox 862 3551 1018 3619; x_wconf 90' lang='lat' dir='ltr'><strong>emblema</strong></span> <span class='ocrx_word' id='word_1_219' title='bbox 1042 3575 1202 3644; x_wconf 75' lang='lat' dir='ltr'><strong>expungas</strong></span> <span class='ocrx_word' id='word_1_220' title='bbox 1225 3577 1242 3620; x_wconf 91' lang='lat' dir='ltr'><strong>e</strong></span> <span class='ocrx_word' id='word_1_221' title='bbox 1265 3553 1393 3621; x_wconf 89' lang='lat' dir='ltr'><strong>rerbis:</strong></span> 
     </span>
     <span class='ocr_line' id='line_1_28' title="bbox 205 3669 1395 3764; baseline 0.001 -24"><span class='ocrx_word' id='word_1_222' title='bbox 205 3674 363 3756; x_wconf 70' lang='lat' dir='ltr'><strong>nepisinae</strong></span> <span class='ocrx_word' id='word_1_223' title='bbox 398 3673 428 3738; x_wconf 77' lang='grc' dir='ltr'><strong>δὲ</strong></span> <span class='ocrx_word' id='word_1_224' title='bbox 464 3673 478 3736; x_wconf 84' lang='grc' dir='ltr'><strong><em>ό</em></strong></span> <span class='ocrx_word' id='word_1_225' title='bbox 513 3671 607 3745; x_wconf 75' lang='grc' dir='ltr'><strong><em>αὐτὸς</em></strong></span> <span class='ocrx_word' id='word_1_226' title='bbox 646 3669 791 3759; x_wconf 73' lang='grc' dir='ltr'><strong><em>[πόλεως]</em></strong></span> <span class='ocrx_word' id='word_1_227' title='bbox 830 3673 1065 3756; x_wconf 80' lang='grc' dir='ltr'><strong><em>Λυσιμαχείας.</em></strong></span> <span class='ocrx_word' id='word_1_228' title='bbox 1113 3674 1151 3739; x_wconf 88' lang='lat' dir='ltr'><strong>In</strong></span> <span class='ocrx_word' id='word_1_229' title='bbox 1186 3675 1395 3764; x_wconf 87' lang='lat' dir='ltr'><strong>sequentibus</strong></span> 
     </span>
     <span class='ocr_line' id='line_1_29' title="bbox 206 3788 1394 3876; baseline -0.001 -14"><span class='ocrx_word' id='word_1_230' title='bbox 206 3808 315 3862; x_wconf 87' lang='lat' dir='ltr'><strong>contra</strong></span> <span class='ocrx_word' id='word_1_231' title='bbox 345 3817 389 3859; x_wconf 82' lang='lat' dir='ltr'><strong>rs.</strong></span> <span class='ocrx_word' id='word_1_232' title='bbox 422 3797 486 3859; x_wconf 85' lang='lat'><strong>23:</strong></span> <span class='ocrx_word' id='word_1_233' title='bbox 520 3791 585 3858; x_wconf 79' lang='grc' dir='ltr'><strong><em>ἔστι</em></strong></span> <span class='ocrx_word' id='word_1_234' title='bbox 615 3791 640 3856; x_wconf 72' lang='grc' dir='ltr'><strong>δ’</strong></span> <span class='ocrx_word' id='word_1_235' title='bbox 670 3788 721 3858; x_wconf 75' lang='grc' dir='ltr'><strong>ὅτε</strong></span> <span class='ocrx_word' id='word_1_236' title='bbox 753 3792 805 3857; x_wconf 77' lang='grc' dir='ltr'><strong><em>καί</em></strong></span> <span class='ocrx_word' id='word_1_237' title='bbox 834 3794 893 3866; x_wconf 89' lang='grc' dir='ltr'><strong><em>τάς</em></strong></span> <span class='ocrx_word' id='word_1_238' title='bbox 925 3795 1077 3869; x_wconf 75' lang='grc' dir='ltr'><strong><em>διακοτάς</em></strong></span> <span class='ocrx_word' id='word_1_239' title='bbox 1108 3795 1158 3861; x_wconf 76' lang='grc' dir='ltr'><strong>ἐπ’</strong></span> <span class='ocrx_word' id='word_1_240' title='bbox 1186 3795 1295 3876; x_wconf 85' lang='grc' dir='ltr'><strong><em>ἀιιραις</em></strong></span> <span class='ocrx_word' id='word_1_241' title='bbox 1318 3807 1394 3872; x_wconf 82' lang='grc' dir='ltr'><strong><em>ταῖς</em></strong></span> 
     </span>
     <span class='ocr_line' id='line_1_30' title="bbox 204 3911 1398 3998; baseline 0.003 -18"><span class='ocrx_word' id='word_1_242' title='bbox 204 3915 344 3996; x_wconf 75' lang='grc' dir='ltr'><strong><em>λόγχαις</em></strong></span> <span class='ocrx_word' id='word_1_243' title='bbox 374 3914 494 3996; x_wconf 75' lang='grc' dir='ltr'><strong><em>φέρειν,</em></strong></span> <span class='ocrx_word' id='word_1_244' title='bbox 527 3911 642 3978; x_wconf 83' lang='lat' dir='ltr'><strong>excidit</strong></span> <span class='ocrx_word' id='word_1_245' title='bbox 679 3912 808 3979; x_wconf 87' lang='lat' dir='ltr'><strong>rerburn</strong></span> <span class='ocrx_word' id='word_1_246' title='bbox 844 3913 985 3979; x_wconf 79' lang='lat' dir='ltr'><strong>iubendi</strong></span> <span class='ocrx_word' id='word_1_247' title='bbox 1019 3927 1092 3982; x_wconf 91' lang='lat' dir='ltr'><strong>ante</strong></span> <span class='ocrx_word' id='word_1_248' title='bbox 1114 3915 1216 3998; x_wconf 79' lang='grc' dir='ltr'><strong><em>φέρειν</em></strong></span> <span class='ocrx_word' id='word_1_249' title='bbox 1228 3965 1238 3994; x_wconf 89' lang='grc'><em>,</em></span> <span class='ocrx_word' id='word_1_250' title='bbox 1261 3918 1398 3985; x_wconf 79' lang='lat' dir='ltr'><strong>fortasse</strong></span> 
     </span>
     <span class='ocr_line' id='line_1_31' title="bbox 205 4033 1392 4125; baseline 0.002 -23"><span class='ocrx_word' id='word_1_251' title='bbox 205 4061 229 4102; x_wconf 91' lang='grc' dir='ltr'><strong>τ</strong></span> <span class='ocrx_word' id='word_1_252' title='bbox 237 4033 413 4118; x_wconf 77' lang='grc' dir='ltr'><strong><em>ροσέταξ</em></strong></span> <span class='ocrx_word' id='word_1_253' title='bbox 421 4057 453 4110; x_wconf 77' lang='grc' dir='ltr'><strong><em>ες</em></strong></span> <span class='ocrx_word' id='word_1_254' title='bbox 476 4057 520 4100; x_wconf 89' lang='lat' dir='ltr'><strong>rs.</strong></span> <span class='ocrx_word' id='word_1_255' title='bbox 547 4039 590 4100; x_wconf 83' lang='lat'><strong>26</strong></span> <span class='ocrx_word' id='word_1_256' title='bbox 614 4033 700 4100; x_wconf 89' lang='lat' dir='ltr'><strong>deest</strong></span> <span class='ocrx_word' id='word_1_257' title='bbox 722 4035 876 4124; x_wconf 89' lang='lat' dir='ltr'><strong>particula</strong></span> <span class='ocrx_word' id='word_1_258' title='bbox 900 4033 938 4100; x_wconf 83' lang='grc' dir='ltr'><strong>ἀν</strong></span> <span class='ocrx_word' id='word_1_259' title='bbox 961 4035 1055 4125; x_wconf 75' lang='grc' dir='ltr'><strong><em>ρίτης</em></strong></span> <span class='ocrx_word' id='word_1_260' title='bbox 1074 4039 1247 4104; x_wconf 87' lang='lat' dir='ltr'><strong>necessaria</strong></span> <span class='ocrx_word' id='word_1_261' title='bbox 1264 4036 1392 4104; x_wconf 85' lang='lat' dir='ltr'><strong>verbis:</strong></span> 
     </span>
     <span class='ocr_line' id='line_1_32' title="bbox 203 4154 1397 4238; baseline 0 -16"><span class='ocrx_word' id='word_1_262' title='bbox 203 4157 238 4236; x_wconf 76' lang='grc' dir='ltr'><strong>ἐξ</strong></span> <span class='ocrx_word' id='word_1_263' title='bbox 273 4156 334 4229; x_wconf 81' lang='grc' dir='ltr'><strong><em>ἑνὸς</em></strong></span> <span class='ocrx_word' id='word_1_264' title='bbox 370 4159 423 4220; x_wconf 85' lang='grc' dir='ltr'><strong>τοῦ</strong></span> <span class='ocrx_word' id='word_1_265' title='bbox 460 4154 625 4232; x_wconf 73' lang='grc' dir='ltr'><strong><em>μέλλοντος</em></strong></span> <span class='ocrx_word' id='word_1_266' title='bbox 657 4155 804 4232; x_wconf 74' lang='grc' dir='ltr'><strong><em>λένεοίαι</em></strong></span> <span class='ocrx_word' id='word_1_267' title='bbox 835 4157 1023 4236; x_wconf 79' lang='grc' dir='ltr'><strong><em>τεαριιίραιτι</em></strong></span> <span class='ocrx_word' id='word_1_268' title='bbox 1054 4159 1108 4234; x_wconf 77' lang='grc' dir='ltr'><strong>την</strong></span> <span class='ocrx_word' id='word_1_269' title='bbox 1141 4157 1311 4238; x_wconf 69' lang='grc' dir='ltr'><strong><em>ὑπερβολὴν</em></strong></span> <span class='ocrx_word' id='word_1_270' title='bbox 1335 4169 1397 4236; x_wconf 72' lang='grc' dir='ltr'><strong>τῆς</strong></span> 
     </span>
     <span class='ocr_line' id='line_1_33' title="bbox 204 4275 1400 4368; baseline 0.003 -24"><span class='ocrx_word' id='word_1_271' title='bbox 204 4281 368 4359; x_wconf 77' lang='grc' dir='ltr'><strong><em>ὠμότητος.</em></strong></span> <span class='ocrx_word' id='word_1_272' title='bbox 410 4277 494 4366; x_wconf 76' lang='lat' dir='ltr'><strong>Lege</strong></span> <span class='ocrx_word' id='word_1_273' title='bbox 517 4275 552 4352; x_wconf 78' lang='grc' dir='ltr'><strong>ἐξ</strong></span> <span class='ocrx_word' id='word_1_274' title='bbox 576 4277 637 4350; x_wconf 78' lang='grc' dir='ltr'><strong><em>ἐνὸς</em></strong></span> <span class='ocrx_word' id='word_1_275' title='bbox 662 4275 708 4342; x_wconf 85' lang='grc' dir='ltr'><strong>ἀν</strong></span> <span class='ocrx_word' id='word_1_276' title='bbox 732 4277 796 4342; x_wconf 83' lang='grc' dir='ltr'><strong><em>ιιτὲ.</em></strong></span> <span class='ocrx_word' id='word_1_277' title='bbox 846 4275 899 4342; x_wconf 85' lang='lat' dir='ltr'><strong>Vs.</strong></span> <span class='ocrx_word' id='word_1_278' title='bbox 927 4279 970 4342; x_wconf 88' lang='grc'><strong>30</strong></span> <span class='ocrx_word' id='word_1_279' title='bbox 994 4278 1062 4343; x_wconf 80' lang='lat' dir='ltr'><strong>vitii</strong></span> <span class='ocrx_word' id='word_1_280' title='bbox 1085 4291 1265 4368; x_wconf 88' lang='lat' dir='ltr'><strong>suspectum</strong></span> <span class='ocrx_word' id='word_1_281' title='bbox 1288 4279 1400 4347; x_wconf 91' lang='lat' dir='ltr'><strong>habeo</strong></span> 
     </span>
     <span class='ocr_line' id='line_1_34' title="bbox 203 4396 1398 4489; baseline 0.004 -25"><span class='ocrx_word' id='word_1_282' title='bbox 203 4399 404 4489; x_wconf 86' lang='lat' dir='ltr'><strong>participium</strong></span> <span class='ocrx_word' id='word_1_283' title='bbox 438 4399 471 4463; x_wconf 90' lang='lat' dir='ltr'><strong>in</strong></span> <span class='ocrx_word' id='word_1_284' title='bbox 506 4397 626 4464; x_wconf 75' lang='lat' dir='ltr'><strong>verbis:</strong></span> <span class='ocrx_word' id='word_1_285' title='bbox 659 4397 710 4461; x_wconf 78' lang='lat' dir='ltr'><strong>ria</strong></span> <span class='ocrx_word' id='word_1_286' title='bbox 742 4397 799 4476; x_wconf 77' lang='grc' dir='ltr'><strong>μὲν</strong></span> <span class='ocrx_word' id='word_1_287' title='bbox 829 4397 926 4463; x_wconf 81' lang='grc' dir='ltr'><strong><em>ίουλον</em></strong></span> <span class='ocrx_word' id='word_1_288' title='bbox 958 4396 1196 4477; x_wconf 74' lang='grc' dir='ltr'><strong><em>ιιατάγοντα</em></strong></span> <span class='ocrx_word' id='word_1_289' title='bbox 1231 4401 1304 4478; x_wconf 75' lang='lat' dir='ltr'><strong>rori,</strong></span> <span class='ocrx_word' id='word_1_290' title='bbox 1337 4404 1398 4470; x_wconf 87' lang='lat' dir='ltr'><strong>sed</strong></span> 
     </span>
     <span class='ocr_line' id='line_1_35' title="bbox 204 4517 1395 4611; baseline 0.007 -27"><span class='ocrx_word' id='word_1_291' title='bbox 204 4519 280 4608; x_wconf 88' lang='lat' dir='ltr'><strong>quid</strong></span> <span class='ocrx_word' id='word_1_292' title='bbox 311 4519 528 4608; x_wconf 88' lang='lat' dir='ltr'><strong>reponendum</strong></span> <span class='ocrx_word' id='word_1_293' title='bbox 559 4517 615 4595; x_wconf 92' lang='lat' dir='ltr'><strong>sit,</strong></span> <span class='ocrx_word' id='word_1_294' title='bbox 649 4539 712 4582; x_wconf 91' lang='lat' dir='ltr'><strong>non</strong></span> <span class='ocrx_word' id='word_1_295' title='bbox 743 4519 876 4607; x_wconf 90' lang='lat' dir='ltr'><strong>reperio.</strong></span> <span class='ocrx_word' id='word_1_296' title='bbox 926 4517 1047 4584; x_wconf 84' lang='lat' dir='ltr'><strong>Deinde</strong></span> <span class='ocrx_word' id='word_1_297' title='bbox 1070 4519 1182 4586; x_wconf 88' lang='lat' dir='ltr'><strong>melias</strong></span> <span class='ocrx_word' id='word_1_298' title='bbox 1206 4521 1323 4611; x_wconf 75' lang='lat' dir='ltr'><strong>iegitur</strong></span> <span class='ocrx_word' id='word_1_299' title='bbox 1344 4547 1395 4592; x_wconf 85' lang='lat' dir='ltr'><strong>rs.</strong></span> 
     </span>
     <span class='ocr_line' id='line_1_36' title="bbox 206 4637 1335 4726; baseline 0.004 -21"><span class='ocrx_word' id='word_1_300' title='bbox 206 4642 268 4705; x_wconf 81' lang='lat'><strong>32:</strong></span> <span class='ocrx_word' id='word_1_301' title='bbox 293 4639 510 4713; x_wconf 83' lang='grc' dir='ltr'><strong><em>κατατείνας</em></strong></span> <span class='ocrx_word' id='word_1_302' title='bbox 533 4637 650 4722; x_wconf 72' lang='grc' dir='ltr'><strong><em>μακρὸν</em></strong></span> <span class='ocrx_word' id='word_1_303' title='bbox 675 4659 769 4726; x_wconf 85' lang='lat' dir='ltr'><strong>quarn</strong></span> <span class='ocrx_word' id='word_1_304' title='bbox 794 4661 865 4705; x_wconf 83' lang='lat' dir='ltr'><strong>mor</strong></span> <span class='ocrx_word' id='word_1_305' title='bbox 888 4663 932 4706; x_wconf 88' lang='lat' dir='ltr'><strong>rs.</strong></span> <span class='ocrx_word' id='word_1_306' title='bbox 956 4645 1022 4707; x_wconf 73' lang='lat'><strong>³7:</strong></span> <span class='ocrx_word' id='word_1_307' title='bbox 1048 4649 1181 4708; x_wconf 86' lang='grc' dir='ltr'><strong><em>τεῖναι</em></strong></span> <span class='ocrx_word' id='word_1_308' title='bbox 1205 4643 1335 4723; x_wconf 78' lang='grc' dir='ltr'><strong><em>μακρόν.</em></strong></span> 
     </span>
    </p>
   </div>
   <div class='ocr_carea' id='block_1_5' title="bbox 0 0 1470 5004">
    <p class='ocr_par' dir='ltr' id='par_1_7' title="bbox 0 0 1470 5004">
     <span class='ocr_line' id='line_1_37' title="bbox 0 0 1470 5004; baseline 0 0"><span class='ocrx_word' id='word_1_309' title='bbox 0 0 1470 5004; x_wconf 95' lang='lat' dir='ltr'><strong> </strong></span> 
     </span>
    </p>
   </div>
  </div>
 </body>
</html>
