<?xml version="1.0" encoding="UTF-8"?>
<!DOCTYPE html PUBLIC "-//W3C//DTD XHTML 1.0 Transitional//EN"
    "http://www.w3.org/TR/xhtml1/DTD/xhtml1-transitional.dtd">
<html xmlns="http://www.w3.org/1999/xhtml" xml:lang="en" lang="en">
 <head>
  <title>
</title>
<meta http-equiv="Content-Type" content="text/html;charset=utf-8" />
  <meta name='ocr-system' content='tesseract 3.04.00' />
  <meta name='ocr-capabilities' content='ocr_page ocr_carea ocr_par ocr_line ocrx_word'/>
</head>
<body>
  <div class='ocr_page' id='page_1' title='image "./exercitationesc02herwgoog/exercitationesc02herwgoog_0481.png"; bbox 0 0 2974 5016; ppageno 0'>
   <div class='ocr_carea' id='block_1_1' title="bbox 814 531 836 597">
    <p class='ocr_par' dir='ltr' id='par_1_1' title="bbox 814 531 836 597">
     <span class='ocr_line' id='line_1_1' title="bbox 814 531 836 597; baseline 0 0"><span class='ocrx_word' id='word_1_1' title='bbox 814 531 836 597; x_wconf 79' lang='lat'><strong><em>2</em></strong></span> 
     </span>
    </p>
   </div>
   <div class='ocr_carea' id='block_1_2' title="bbox 264 717 1479 2391">
    <p class='ocr_par' dir='ltr' id='par_1_2' title="bbox 264 715 1479 2391">
     <span class='ocr_line' id='line_1_2' title="bbox 265 717 1398 801; baseline -0.001 -18"><span class='ocrx_word' id='word_1_2' title='bbox 265 723 355 783; x_wconf 88' lang='lat' dir='ltr'><strong>turae</strong></span> <span class='ocrx_word' id='word_1_3' title='bbox 385 717 462 784; x_wconf 86' lang='lat' dir='ltr'><strong>satis</strong></span> <span class='ocrx_word' id='word_1_4' title='bbox 491 737 683 801; x_wconf 84' lang='lat' dir='ltr'><strong>congruum,</strong></span> <span class='ocrx_word' id='word_1_5' title='bbox 714 718 778 784; x_wconf 88' lang='lat' dir='ltr'><strong>imo</strong></span> <span class='ocrx_word' id='word_1_6' title='bbox 802 717 1034 784; x_wconf 79' lang='lat' dir='ltr'><strong>subabsurdum</strong></span> <span class='ocrx_word' id='word_1_7' title='bbox 1057 737 1128 783; x_wconf 88' lang='lat' dir='ltr'><strong>esse</strong></span> <span class='ocrx_word' id='word_1_8' title='bbox 1150 717 1286 798; x_wconf 84' lang='lat' dir='ltr'><strong>videtur,</strong></span> <span class='ocrx_word' id='word_1_9' title='bbox 1311 717 1398 783; x_wconf 82' lang='lat' dir='ltr'><strong>Ora·</strong></span> 
     </span>
     <span class='ocr_line' id='line_1_3' title="bbox 264 829 1479 916; baseline 0.001 -21"><span class='ocrx_word' id='word_1_10' title='bbox 264 831 365 896; x_wconf 92' lang='lat' dir='ltr'><strong>tinum</strong></span> <span class='ocrx_word' id='word_1_11' title='bbox 389 831 553 897; x_wconf 86' lang='lat' dir='ltr'><strong>induxisse</strong></span> <span class='ocrx_word' id='word_1_12' title='bbox 576 831 725 916; x_wconf 81' lang='lat' dir='ltr'>Ulyssem</span> <span class='ocrx_word' id='word_1_13' title='bbox 745 831 922 896; x_wconf 79' lang='lat' dir='ltr'><strong>hortantem</strong></span> <span class='ocrx_word' id='word_1_14' title='bbox 942 829 1097 916; x_wconf 81' lang='lat' dir='ltr'>Cyclopa,</span> <span class='ocrx_word' id='word_1_15' title='bbox 1118 838 1154 896; x_wconf 90' lang='lat' dir='ltr'><strong>ut</strong></span> <span class='ocrx_word' id='word_1_16' title='bbox 1171 851 1262 896; x_wconf 88' lang='lat' dir='ltr'><strong>suum</strong></span> <span class='ocrx_word' id='word_1_17' title='bbox 1281 851 1317 896; x_wconf 88' lang='lat' dir='ltr'><strong>se</strong></span> <span class='ocrx_word' id='word_1_18' title='bbox 1332 852 1399 896; x_wconf 89' lang='lat' dir='ltr'><strong>no·</strong></span> <span class='ocrx_word' id='word_1_19' title='bbox 1478 829 1479 914; x_wconf 66' lang='lat' dir='ltr'>f</span> 
     </span>
     <span class='ocr_line' id='line_1_4' title="bbox 264 943 1401 1031; baseline 0 -22"><span class='ocrx_word' id='word_1_20' title='bbox 264 965 337 1009; x_wconf 91' lang='lat' dir='ltr'><strong>men</strong></span> <span class='ocrx_word' id='word_1_21' title='bbox 357 951 457 1031; x_wconf 71' lang='grc' dir='ltr'><strong><em>νομοί.</em></strong></span> <span class='ocrx_word' id='word_1_22' title='bbox 477 945 603 1023; x_wconf 84' lang='lat' dir='ltr'><strong>Quanto</strong></span> <span class='ocrx_word' id='word_1_23' title='bbox 619 945 733 1010; x_wconf 91' lang='lat' dir='ltr'><strong>melius</strong></span> <span class='ocrx_word' id='word_1_24' title='bbox 749 951 782 1009; x_wconf 88' lang='lat' dir='ltr'><strong>et</strong></span> <span class='ocrx_word' id='word_1_25' title='bbox 801 945 974 1024; x_wconf 89' lang='lat' dir='ltr'><strong>Homerus,</strong></span> <span class='ocrx_word' id='word_1_26' title='bbox 992 945 1078 1028; x_wconf 87' lang='lat' dir='ltr'><strong>apud</strong></span> <span class='ocrx_word' id='word_1_27' title='bbox 1093 965 1187 1026; x_wconf 88' lang='lat' dir='ltr'><strong>quem</strong></span> <span class='ocrx_word' id='word_1_28' title='bbox 1199 945 1232 1009; x_wconf 94' lang='lat' dir='ltr'><strong>in</strong></span> <span class='ocrx_word' id='word_1_29' title='bbox 1244 943 1401 1028; x_wconf 75' lang='lat' dir='ltr'><strong>Odyssea</strong></span> 
     </span>
     <span class='ocr_line' id='line_1_5' title="bbox 264 1027 1479 1142; baseline -0.001 -22"><span class='ocrx_word' id='word_1_30' title='bbox 264 1063 376 1142; x_wconf 86' lang='lat' dir='ltr'><strong>sponte</strong></span> <span class='ocrx_word' id='word_1_31' title='bbox 398 1078 472 1142; x_wconf 85' lang='lat' dir='ltr'><strong>sna,</strong></span> <span class='ocrx_word' id='word_1_32' title='bbox 495 1078 559 1123; x_wconf 91' lang='lat' dir='ltr'><strong>nou</strong></span> <span class='ocrx_word' id='word_1_33' title='bbox 582 1057 689 1124; x_wconf 87' lang='lat' dir='ltr'><strong>hercle</strong></span> <span class='ocrx_word' id='word_1_34' title='bbox 712 1057 837 1140; x_wconf 71' lang='lat' dir='ltr'><strong>imae,</strong></span> <span class='ocrx_word' id='word_1_35' title='bbox 862 1056 1001 1141; x_wconf 78' lang='lat' dir='ltr'><strong>Cyclops</strong></span> <span class='ocrx_word' id='word_1_36' title='bbox 1022 1056 1065 1121; x_wconf 86' lang='lat' dir='ltr'><strong>ad</strong></span> <span class='ocrx_word' id='word_1_37' title='bbox 1087 1057 1260 1141; x_wconf 87' lang='lat' dir='ltr'><strong>hospitem:</strong></span> <span class='ocrx_word' id='word_1_38' title='bbox 1478 1027 1479 1054; x_wconf 38' lang='grc' dir='ltr'><strong><em>ί</em></strong></span> 
     </span>
     <span class='ocr_line' id='line_1_6' title="bbox 375 1168 1278 1254; baseline -0.003 -21"><span class='ocrx_word' id='word_1_39' title='bbox 375 1169 430 1244; x_wconf 72' lang='lat' dir='ltr'><strong>doe</strong></span> <span class='ocrx_word' id='word_1_40' title='bbox 453 1195 507 1253; x_wconf 91' lang='grc' dir='ltr'><strong>μοι</strong></span> <span class='ocrx_word' id='word_1_41' title='bbox 533 1170 582 1234; x_wconf 77' lang='grc' dir='ltr'><strong>ἔτι</strong></span> <span class='ocrx_word' id='word_1_42' title='bbox 607 1175 775 1254; x_wconf 79' lang='grc' dir='ltr'><strong><em>πρόφρων,</em></strong></span> <span class='ocrx_word' id='word_1_43' title='bbox 802 1170 858 1232; x_wconf 83' lang='grc' dir='ltr'><strong>καί</strong></span> <span class='ocrx_word' id='word_1_44' title='bbox 881 1193 935 1250; x_wconf 93' lang='grc' dir='ltr'><strong>μοι</strong></span> <span class='ocrx_word' id='word_1_45' title='bbox 962 1171 1035 1232; x_wconf 86' lang='grc' dir='ltr'><strong><em>τεὸν</em></strong></span> <span class='ocrx_word' id='word_1_46' title='bbox 1060 1171 1185 1250; x_wconf 79' lang='grc' dir='ltr'><strong><em>οὔνομα</em></strong></span> <span class='ocrx_word' id='word_1_47' title='bbox 1209 1168 1278 1232; x_wconf 77' lang='grc' dir='ltr'><strong><em>εἶπέ</em></strong></span> 
     </span>
     <span class='ocr_line' id='line_1_7' title="bbox 375 1285 675 1349; baseline 0 -3"><span class='ocrx_word' id='word_1_48' title='bbox 375 1285 496 1348; x_wconf 80' lang='grc' dir='ltr'><strong><em>αὐτίκα</em></strong></span> <span class='ocrx_word' id='word_1_49' title='bbox 521 1288 581 1349; x_wconf 84' lang='grc' dir='ltr'><strong>νῦν</strong></span> <span class='ocrx_word' id='word_1_50' title='bbox 606 1287 675 1348; x_wconf 75' lang='lat' dir='ltr'><strong>nri.</strong></span> 
     </span>
     <span class='ocr_line' id='line_1_8' title="bbox 265 1397 1479 1486; baseline 0.001 -24"><span class='ocrx_word' id='word_1_51' title='bbox 265 1403 313 1480; x_wconf 87' lang='lat' dir='ltr'><strong>et,</strong></span> <span class='ocrx_word' id='word_1_52' title='bbox 336 1397 426 1462; x_wconf 88' lang='lat' dir='ltr'><strong>illum</strong></span> <span class='ocrx_word' id='word_1_53' title='bbox 449 1405 592 1480; x_wconf 88' lang='lat' dir='ltr'><strong>secutus,</strong></span> <span class='ocrx_word' id='word_1_54' title='bbox 617 1397 786 1483; x_wconf 78' lang='lat' dir='ltr'><strong>Euripides</strong></span> <span class='ocrx_word' id='word_1_55' title='bbox 808 1398 842 1462; x_wconf 95' lang='lat' dir='ltr'><strong>in</strong></span> <span class='ocrx_word' id='word_1_56' title='bbox 865 1398 1053 1482; x_wconf 85' lang='lat' dir='ltr'><strong>cognomine</strong></span> <span class='ocrx_word' id='word_1_57' title='bbox 1075 1397 1182 1464; x_wconf 84' lang='lat' dir='ltr'><strong>sabula</strong></span> <span class='ocrx_word' id='word_1_58' title='bbox 1206 1397 1266 1484; x_wconf 86' lang='lat' dir='ltr'><strong>(vs.</strong></span> <span class='ocrx_word' id='word_1_59' title='bbox 1285 1397 1400 1486; x_wconf 79' lang='lat'>548):</span> <span class='ocrx_word' id='word_1_60' title='bbox 1478 1399 1479 1424; x_wconf 72' lang='lat'><em>³</em></span> 
     </span>
     <span class='ocr_line' id='line_1_9' title="bbox 393 1502 1257 1596; baseline -0.002 -22"><span class='ocrx_word' id='word_1_61' title='bbox 393 1511 430 1574; x_wconf 84' lang='grc' dir='ltr'><strong>οὐ</strong></span> <span class='ocrx_word' id='word_1_62' title='bbox 456 1509 487 1572; x_wconf 75' lang='grc' dir='ltr'><strong>δ’</strong></span> <span class='ocrx_word' id='word_1_63' title='bbox 511 1502 536 1574; x_wconf 82' lang='grc' dir='ltr'><em>ὦ</em></span> <span class='ocrx_word' id='word_1_64' title='bbox 561 1509 629 1584; x_wconf 61' lang='grc' dir='ltr'><strong><em>ξέν’</em></strong></span> <span class='ocrx_word' id='word_1_65' title='bbox 660 1513 730 1574; x_wconf 74' lang='lat' dir='ltr'><strong>cirri</strong></span> <span class='ocrx_word' id='word_1_66' title='bbox 755 1513 888 1592; x_wconf 76' lang='grc' dir='ltr'><strong><em>τοῦνομ’</em></strong></span> <span class='ocrx_word' id='word_1_67' title='bbox 912 1513 963 1574; x_wconf 84' lang='grc' dir='ltr'><strong>ὅτι</strong></span> <span class='ocrx_word' id='word_1_68' title='bbox 988 1533 1021 1574; x_wconf 87' lang='grc' dir='ltr'><strong>σε</strong></span> <span class='ocrx_word' id='word_1_69' title='bbox 1046 1515 1105 1596; x_wconf 77' lang='grc' dir='ltr'><strong>χρὴ</strong></span> <span class='ocrx_word' id='word_1_70' title='bbox 1131 1509 1257 1574; x_wconf 75' lang='grc' dir='ltr'><strong><em>καλεῖν.</em></strong></span> 
     </span>
     <span class='ocr_line' id='line_1_10' title="bbox 310 1622 1479 1709; baseline 0.003 -21"><span class='ocrx_word' id='word_1_71' title='bbox 310 1622 402 1688; x_wconf 82' lang='lat' dir='ltr'>Unde</span> <span class='ocrx_word' id='word_1_72' title='bbox 425 1624 567 1709; x_wconf 90' lang='lat' dir='ltr'><strong>suspicor</strong></span> <span class='ocrx_word' id='word_1_73' title='bbox 589 1623 719 1690; x_wconf 83' lang='lat' dir='ltr'>Cratino</span> <span class='ocrx_word' id='word_1_74' title='bbox 742 1623 940 1690; x_wconf 89' lang='lat' dir='ltr'><strong>reddendum</strong></span> <span class='ocrx_word' id='word_1_75' title='bbox 963 1645 1049 1692; x_wconf 91' lang='lat' dir='ltr'><strong>esse:</strong></span> <span class='ocrx_word' id='word_1_76' title='bbox 1478 1685 1479 1704; x_wconf 16' lang='grc' dir='ltr'>ἶ</span> 
     </span>
     <span class='ocr_line' id='line_1_11' title="bbox 267 1735 1479 1826; baseline 0.002 -28"><span class='ocrx_word' id='word_1_77' title='bbox 267 1741 336 1822; x_wconf 64' lang='grc' dir='ltr'><strong>,Τῇ</strong></span> <span class='ocrx_word' id='word_1_78' title='bbox 362 1761 423 1800; x_wconf 88' lang='grc' dir='ltr'><strong>νυν</strong></span> <span class='ocrx_word' id='word_1_79' title='bbox 449 1735 521 1802; x_wconf 76' lang='grc' dir='ltr'><strong><em>τόδε</em></strong></span> <span class='ocrx_word' id='word_1_80' title='bbox 546 1743 624 1800; x_wconf 74' lang='grc' dir='ltr'><strong><em>πῖθι</em></strong></span> <span class='ocrx_word' id='word_1_81' title='bbox 649 1737 798 1822; x_wconf 78' lang='grc' dir='ltr'><strong><em>λαβὼν·”</em></strong></span> <span class='ocrx_word' id='word_1_82' title='bbox 824 1742 931 1818; x_wconf 69' lang='grc' dir='ltr'><strong>ἥσθη</strong></span> <span class='ocrx_word' id='word_1_83' title='bbox 958 1737 1143 1826; x_wconf 81' lang='lat' dir='ltr'><strong>(Cyclops),</strong></span> <span class='ocrx_word' id='word_1_84' title='bbox 1168 1739 1223 1801; x_wconf 87' lang='grc' dir='ltr'><strong>καί</strong></span> <span class='ocrx_word' id='word_1_85' title='bbox 1245 1739 1402 1818; x_wconf 81' lang='grc' dir='ltr'><strong><em>τοῦνομά</em></strong></span> <span class='ocrx_word' id='word_1_86' title='bbox 1478 1761 1479 1766; x_wconf 70' lang='grc'>’</span> 
     </span>
     <span class='ocr_line' id='line_1_12' title="bbox 1013 1850 1341 1934; baseline -0.009 -19"><span class='ocrx_word' id='word_1_87' title='bbox 1013 1858 1046 1933; x_wconf 82' lang='grc' dir='ltr'><strong>μ’</strong></span> <span class='ocrx_word' id='word_1_88' title='bbox 1072 1850 1171 1924; x_wconf 71' lang='grc' dir='ltr'><strong><em>εὐθύς</em></strong></span> <span class='ocrx_word' id='word_1_89' title='bbox 1195 1853 1341 1934; x_wconf 72' lang='grc' dir='ltr'><strong><em>ἐρωτᾷ.</em></strong></span> 
     </span>
     <span class='ocr_line' id='line_1_13' title="bbox 309 1962 1403 2050; baseline 0.001 -19"><span class='ocrx_word' id='word_1_90' title='bbox 309 1962 398 2042; x_wconf 84' lang='lat' dir='ltr'><strong>Quae</strong></span> <span class='ocrx_word' id='word_1_91' title='bbox 417 1965 445 2032; x_wconf 92' lang='lat' dir='ltr'><strong>si</strong></span> <span class='ocrx_word' id='word_1_92' title='bbox 463 1985 540 2032; x_wconf 83' lang='lat' dir='ltr'><strong>vera</strong></span> <span class='ocrx_word' id='word_1_93' title='bbox 558 1971 607 2032; x_wconf 88' lang='lat' dir='ltr'><strong>est</strong></span> <span class='ocrx_word' id='word_1_94' title='bbox 625 1964 821 2048; x_wconf 88' lang='lat' dir='ltr'><strong>coniectura,</strong></span> <span class='ocrx_word' id='word_1_95' title='bbox 842 1971 974 2050; x_wconf 84' lang='lat' dir='ltr'><strong>apparet</strong></span> <span class='ocrx_word' id='word_1_96' title='bbox 992 1963 1070 2030; x_wconf 91' lang='lat' dir='ltr'><strong>baec</strong></span> <span class='ocrx_word' id='word_1_97' title='bbox 1089 1965 1186 2030; x_wconf 77' lang='lat' dir='ltr'><strong>verbe</strong></span> <span class='ocrx_word' id='word_1_98' title='bbox 1201 1964 1403 2050; x_wconf 81' lang='lat' dir='ltr'><strong>pertinuisse</strong></span> 
     </span>
     <span class='ocr_line' id='line_1_14' title="bbox 264 2067 1403 2163; baseline -0.002 -19"><span class='ocrx_word' id='word_1_99' title='bbox 264 2078 306 2144; x_wconf 87' lang='lat' dir='ltr'><strong>ad</strong></span> <span class='ocrx_word' id='word_1_100' title='bbox 336 2097 464 2144; x_wconf 87' lang='lat' dir='ltr'><strong>scenam</strong></span> <span class='ocrx_word' id='word_1_101' title='bbox 486 2077 672 2161; x_wconf 85' lang='lat' dir='ltr'><strong>quamdam,</strong></span> <span class='ocrx_word' id='word_1_102' title='bbox 695 2078 728 2142; x_wconf 92' lang='lat' dir='ltr'><strong>in</strong></span> <span class='ocrx_word' id='word_1_103' title='bbox 751 2098 814 2161; x_wconf 88' lang='lat' dir='ltr'><strong>qua</strong></span> <span class='ocrx_word' id='word_1_104' title='bbox 837 2077 970 2163; x_wconf 83' lang='lat' dir='ltr'><strong>Ulysses</strong></span> <span class='ocrx_word' id='word_1_105' title='bbox 993 2067 1112 2159; x_wconf 83' lang='lat' dir='ltr'><strong>narret,</strong></span> <span class='ocrx_word' id='word_1_106' title='bbox 1136 2076 1292 2160; x_wconf 88' lang='lat' dir='ltr'><strong>quomodo</strong></span> <span class='ocrx_word' id='word_1_107' title='bbox 1314 2097 1403 2143; x_wconf 88' lang='lat' dir='ltr'><strong>con·</strong></span> 
     </span>
     <span class='ocr_line' id='line_1_15' title="bbox 266 2189 1403 2277; baseline -0.002 -21"><span class='ocrx_word' id='word_1_108' title='bbox 266 2191 418 2277; x_wconf 83' lang='lat' dir='ltr'><strong>sopiverit</strong></span> <span class='ocrx_word' id='word_1_109' title='bbox 440 2189 624 2277; x_wconf 74' lang='lat' dir='ltr'><strong>Cyclopem.</strong></span> <span class='ocrx_word' id='word_1_110' title='bbox 644 2191 787 2258; x_wconf 87' lang='lat' dir='ltr'><strong>Similem</strong></span> <span class='ocrx_word' id='word_1_111' title='bbox 807 2197 892 2256; x_wconf 89' lang='lat' dir='ltr'><strong>certe</strong></span> <span class='ocrx_word' id='word_1_112' title='bbox 908 2191 1120 2258; x_wconf 73' lang='lat' dir='ltr'><strong>narrationem</strong></span> <span class='ocrx_word' id='word_1_113' title='bbox 1142 2189 1276 2256; x_wconf 89' lang='lat' dir='ltr'><strong>instituit</strong></span> <span class='ocrx_word' id='word_1_114' title='bbox 1297 2189 1403 2254; x_wconf 83' lang='lat' dir='ltr'><strong>Enri-</strong></span> 
     </span>
     <span class='ocr_line' id='line_1_16' title="bbox 265 2301 1479 2391; baseline -0.004 -20"><span class='ocrx_word' id='word_1_115' title='bbox 265 2305 357 2391; x_wconf 72' lang='lat' dir='ltr'><strong>pide·</strong></span> <span class='ocrx_word' id='word_1_116' title='bbox 386 2325 407 2370; x_wconf 90' lang='lat' dir='ltr'><strong>a</strong></span> <span class='ocrx_word' id='word_1_117' title='bbox 439 2323 486 2370; x_wconf 78' lang='lat' dir='ltr'><strong>cs.</strong></span> <span class='ocrx_word' id='word_1_118' title='bbox 521 2304 722 2387; x_wconf 81' lang='lat'><strong>381-436,</strong></span> <span class='ocrx_word' id='word_1_119' title='bbox 755 2304 808 2370; x_wconf 91' lang='lat' dir='ltr'><strong>nbi</strong></span> <span class='ocrx_word' id='word_1_120' title='bbox 840 2305 974 2389; x_wconf 85' lang='lat' dir='ltr'><strong>blysses</strong></span> <span class='ocrx_word' id='word_1_121' title='bbox 1003 2323 1069 2370; x_wconf 91' lang='lat' dir='ltr'><strong>rem</strong></span> <span class='ocrx_word' id='word_1_122' title='bbox 1099 2310 1194 2386; x_wconf 79' lang='lat' dir='ltr'><strong>atque</strong></span> <span class='ocrx_word' id='word_1_123' title='bbox 1223 2301 1406 2370; x_wconf 90' lang='lat' dir='ltr'><strong>consilium</strong></span> <span class='ocrx_word' id='word_1_124' title='bbox 1478 2301 1479 2366; x_wconf 70' lang='lat' dir='ltr'><strong>l</strong></span> 
     </span>
    </p>
   </div>
   <div class='ocr_carea' id='block_1_3' title="bbox 236 2417 689 2504">
    <p class='ocr_par' dir='ltr' id='par_1_3' title="bbox 236 2417 689 2504">
     <span class='ocr_line' id='line_1_17' title="bbox 236 2417 689 2504; baseline 0.013 -26"><span class='ocrx_word' id='word_1_125' title='bbox 236 2473 239 2478; x_wconf 89' lang='lat'><strong>.</strong></span> <span class='ocrx_word' id='word_1_126' title='bbox 265 2418 368 2504; x_wconf 87' lang='lat' dir='ltr'><strong>aperit</strong></span> <span class='ocrx_word' id='word_1_127' title='bbox 390 2417 489 2484; x_wconf 87' lang='lat' dir='ltr'><strong>Sileni</strong></span> <span class='ocrx_word' id='word_1_128' title='bbox 512 2417 689 2486; x_wconf 76' lang='lat' dir='ltr'><strong>comitibus.</strong></span> 
     </span>
    </p>
   </div>
   <div class='ocr_carea' id='block_1_4' title="bbox 443 2757 1192 2846">
    <p class='ocr_par' dir='ltr' id='par_1_4' title="bbox 443 2757 1192 2846">
     <span class='ocr_line' id='line_1_18' title="bbox 443 2757 1192 2846; baseline -0.003 -22"><span class='ocrx_word' id='word_1_129' title='bbox 443 2762 471 2824; x_wconf 83' lang='grc' dir='ltr'><strong>εἷ</strong></span> <span class='ocrx_word' id='word_1_130' title='bbox 492 2763 535 2842; x_wconf 82' lang='grc' dir='ltr'><strong>μὴ</strong></span> <span class='ocrx_word' id='word_1_131' title='bbox 559 2761 620 2844; x_wconf 78' lang='grc' dir='ltr'><strong>γὰρ</strong></span> <span class='ocrx_word' id='word_1_132' title='bbox 646 2761 791 2846; x_wconf 59' lang='lat' dir='ltr'><strong>{orporea</strong></span> <span class='ocrx_word' id='word_1_133' title='bbox 817 2783 867 2832; x_wconf 82' lang='grc' dir='ltr'><strong>τις</strong></span> <span class='ocrx_word' id='word_1_134' title='bbox 891 2757 991 2822; x_wconf 80' lang='grc' dir='ltr'><strong><em>αὐτοῦ</em></strong></span> <span class='ocrx_word' id='word_1_135' title='bbox 1016 2757 1052 2822; x_wconf 85' lang='grc' dir='ltr'><strong>τὸ</strong></span> <span class='ocrx_word' id='word_1_136' title='bbox 1078 2760 1192 2839; x_wconf 81' lang='grc' dir='ltr'><strong><em>στόμα,</em></strong></span> 
     </span>
    </p>
   </div>
   <div class='ocr_carea' id='block_1_5' title="bbox 310 2643 1155 2729">
    <p class='ocr_par' dir='ltr' id='par_1_5' title="bbox 310 2561 1479 2820">
     <span class='ocr_line' id='line_1_19' title="bbox 310 2643 1155 2729; baseline -0.005 -17"><span class='ocrx_word' id='word_1_137' title='bbox 310 2646 388 2729; x_wconf 74' lang='lat' dir='ltr'><strong>rag.</strong></span> <span class='ocrx_word' id='word_1_138' title='bbox 414 2645 488 2712; x_wconf 86' lang='lat' dir='ltr'><strong>na.</strong></span> <span class='ocrx_word' id='word_1_139' title='bbox 510 2647 738 2710; x_wconf 64' lang='lat' dir='ltr'><strong>narrans</strong></span> <span class='ocrx_word' id='word_1_140' title='bbox 760 2643 872 2729; x_wconf 63' lang='lat' dir='ltr'><strong>regn.</strong></span> <span class='ocrx_word' id='word_1_141' title='bbox 896 2643 959 2710; x_wconf 86' lang='lat' dir='ltr'><strong>vn</strong></span> <span class='ocrx_word' id='word_1_142' title='bbox 982 2663 1029 2712; x_wconf 74' lang='lat' dir='ltr'><strong>vs.</strong></span> <span class='ocrx_word' id='word_1_143' title='bbox 1051 2643 1074 2707; x_wconf 84' lang='lat'>4</span> <span class='ocrx_word' id='word_1_144' title='bbox 1097 2663 1155 2728; x_wconf 48' lang='lat' dir='ltr'><strong>cqc</strong></span> 
     </span>
    </p>
   </div>
   <div class='ocr_carea' id='block_1_6' title="bbox 265 2870 1479 3643">
    <p class='ocr_par' dir='ltr' id='par_1_6' title="bbox 265 2870 1479 3643">
     <span class='ocr_line' id='line_1_20' title="bbox 444 2870 1179 2954; baseline -0.003 -18"><span class='ocrx_word' id='word_1_145' title='bbox 444 2875 580 2939; x_wconf 81' lang='grc' dir='ltr'><strong><em>ἅπαντα</em></strong></span> <span class='ocrx_word' id='word_1_146' title='bbox 605 2877 741 2938; x_wconf 83' lang='grc' dir='ltr'><strong><em>ταῦτα</em></strong></span> <span class='ocrx_word' id='word_1_147' title='bbox 765 2870 964 2938; x_wconf 68' lang='grc' dir='ltr'><strong><em>κατακλύσει</em></strong></span> <span class='ocrx_word' id='word_1_148' title='bbox 989 2877 1179 2954; x_wconf 76' lang='grc' dir='ltr'><strong><em>ποιήμασιν.</em></strong></span> 
     </span>
     <span class='ocr_line' id='line_1_21' title="bbox 311 2983 1407 3082; baseline 0 -28"><span class='ocrx_word' id='word_1_149' title='bbox 311 2988 475 3082; x_wconf 74' lang='lat' dir='ltr'><strong>compone</strong></span> <span class='ocrx_word' id='word_1_150' title='bbox 497 2987 575 3054; x_wconf 89' lang='lat' dir='ltr'><strong>mihi</strong></span> <span class='ocrx_word' id='word_1_151' title='bbox 597 2987 676 3055; x_wconf 83' lang='lat' dir='ltr'><strong>baec</strong></span> <span class='ocrx_word' id='word_1_152' title='bbox 698 3007 770 3054; x_wconf 90' lang='lat' dir='ltr'><strong>cum</strong></span> <span class='ocrx_word' id='word_1_153' title='bbox 793 2985 952 3052; x_wconf 88' lang='lat' dir='ltr'><strong>simillimo</strong></span> <span class='ocrx_word' id='word_1_154' title='bbox 975 2985 1044 3052; x_wconf 92' lang='lat' dir='ltr'><strong>loco</strong></span> <span class='ocrx_word' id='word_1_155' title='bbox 1066 2983 1314 3072; x_wconf 71' lang='lat' dir='ltr'><strong>Aristophaneo,</strong></span> <span class='ocrx_word' id='word_1_156' title='bbox 1339 2989 1407 3070; x_wconf 87' lang='lat' dir='ltr'><strong>qui</strong></span> 
     </span>
     <span class='ocr_line' id='line_1_22' title="bbox 265 3099 1479 3192; baseline -0.008 -22"><span class='ocrx_word' id='word_1_157' title='bbox 265 3103 382 3187; x_wconf 79' lang='lat' dir='ltr'><strong>legitur</strong></span> <span class='ocrx_word' id='word_1_158' title='bbox 406 3099 572 3192; x_wconf 79' lang='lat' dir='ltr'><strong>Equitum</strong></span> <span class='ocrx_word' id='word_1_159' title='bbox 594 3121 641 3168; x_wconf 87' lang='lat' dir='ltr'><strong>vs.</strong></span> <span class='ocrx_word' id='word_1_160' title='bbox 666 3101 726 3166; x_wconf 83' lang='lat'><strong>99:</strong></span> <span class='ocrx_word' id='word_1_161' title='bbox 1478 3149 1479 3190; x_wconf 29' lang='lat' dir='ltr'><strong>p</strong></span> 
     </span>
     <span class='ocr_line' id='line_1_23' title="bbox 398 3217 1219 3302; baseline -0.006 -20"><span class='ocrx_word' id='word_1_162' title='bbox 398 3221 439 3298; x_wconf 77' lang='grc' dir='ltr'><strong><em>ἤν</em></strong></span> <span class='ocrx_word' id='word_1_163' title='bbox 464 3219 525 3302; x_wconf 81' lang='grc' dir='ltr'><strong>γὰρ</strong></span> <span class='ocrx_word' id='word_1_164' title='bbox 549 3219 726 3299; x_wconf 78' lang='grc' dir='ltr'><strong><em>μεθυσθῶ,</em></strong></span> <span class='ocrx_word' id='word_1_165' title='bbox 751 3219 862 3279; x_wconf 84' lang='grc' dir='ltr'><strong><em>πάντα</em></strong></span> <span class='ocrx_word' id='word_1_166' title='bbox 887 3217 1015 3279; x_wconf 85' lang='grc' dir='ltr'><strong><em>ταυτί</em></strong></span> <span class='ocrx_word' id='word_1_167' title='bbox 1040 3219 1219 3278; x_wconf 75' lang='grc' dir='ltr'><strong><em>καταπάσω</em></strong></span> 
     </span>
     <span class='ocr_line' id='line_1_24' title="bbox 310 3327 1479 3416; baseline -0.003 -20"><span class='ocrx_word' id='word_1_168' title='bbox 310 3405 311 3408; x_wconf 10' lang='lat'>¹</span> <span class='ocrx_word' id='word_1_169' title='bbox 398 3329 649 3416; x_wconf 72' lang='grc' dir='ltr'><strong><em>βουλευματίων</em></strong></span> <span class='ocrx_word' id='word_1_170' title='bbox 673 3332 729 3394; x_wconf 82' lang='grc' dir='ltr'><strong>καί</strong></span> <span class='ocrx_word' id='word_1_171' title='bbox 753 3328 940 3412; x_wconf 74' lang='grc' dir='ltr'><strong><em>γνωμιδίων</em></strong></span> <span class='ocrx_word' id='word_1_172' title='bbox 966 3331 1021 3392; x_wconf 86' lang='grc' dir='ltr'><strong>καί</strong></span> <span class='ocrx_word' id='word_1_173' title='bbox 1046 3327 1193 3394; x_wconf 76' lang='grc' dir='ltr'><strong><em>νοιδίων.</em></strong></span> <span class='ocrx_word' id='word_1_174' title='bbox 1478 3405 1479 3408; x_wconf 9' lang='lat'>¹</span> 
     </span>
     <span class='ocr_line' id='line_1_25' title="bbox 265 3439 1406 3530; baseline -0.001 -18"><span class='ocrx_word' id='word_1_175' title='bbox 265 3450 298 3512; x_wconf 89' lang='lat' dir='ltr'><strong>et</strong></span> <span class='ocrx_word' id='word_1_176' title='bbox 327 3443 460 3510; x_wconf 75' lang='lat' dir='ltr'><strong>fortasse</strong></span> <span class='ocrx_word' id='word_1_177' title='bbox 489 3464 612 3511; x_wconf 89' lang='lat' dir='ltr'><strong>mecum</strong></span> <span class='ocrx_word' id='word_1_178' title='bbox 642 3444 728 3530; x_wconf 86' lang='lat' dir='ltr'><strong>apud</strong></span> <span class='ocrx_word' id='word_1_179' title='bbox 758 3443 923 3510; x_wconf 80' lang='lat' dir='ltr'><strong>Cratinum</strong></span> <span class='ocrx_word' id='word_1_180' title='bbox 953 3461 1079 3527; x_wconf 86' lang='lat' dir='ltr'><strong>quoque</strong></span> <span class='ocrx_word' id='word_1_181' title='bbox 1109 3441 1207 3506; x_wconf 84' lang='grc' dir='ltr'><strong><em>ταυτί</em></strong></span> <span class='ocrx_word' id='word_1_182' title='bbox 1236 3439 1406 3512; x_wconf 76' lang='lat' dir='ltr'><strong>indicabis</strong></span> 
     </span>
     <span class='ocr_line' id='line_1_26' title="bbox 265 3541 1479 3643; baseline -0.004 -21"><span class='ocrx_word' id='word_1_183' title='bbox 265 3559 438 3643; x_wconf 79' lang='lat' dir='ltr'><strong>probabile.</strong></span> <span class='ocrx_word' id='word_1_184' title='bbox 1478 3541 1479 3584; x_wconf 66' lang='lat'>³</span> 
     </span>
    </p>
   </div>
   <div class='ocr_carea' id='block_1_7' title="bbox 259 3783 1479 4326">
    <p class='ocr_par' dir='ltr' id='par_1_7' title="bbox 259 3783 1479 4326">
     <span class='ocr_line' id='line_1_27' title="bbox 310 3783 1479 3871; baseline 0.005 -20"><span class='ocrx_word' id='word_1_185' title='bbox 310 3785 388 3870; x_wconf 84' lang='lat' dir='ltr'><strong>Pag.</strong></span> <span class='ocrx_word' id='word_1_186' title='bbox 412 3787 488 3852; x_wconf 78' lang='lat'><strong>221.</strong></span> <span class='ocrx_word' id='word_1_187' title='bbox 512 3787 585 3854; x_wconf 86' lang='lat' dir='ltr'><strong>Non</strong></span> <span class='ocrx_word' id='word_1_188' title='bbox 608 3785 700 3854; x_wconf 77' lang='lat' dir='ltr'><strong>facile</strong></span> <span class='ocrx_word' id='word_1_189' title='bbox 722 3785 849 3854; x_wconf 88' lang='lat' dir='ltr'><strong>credam</strong></span> <span class='ocrx_word' id='word_1_190' title='bbox 868 3791 995 3871; x_wconf 82' lang='lat' dir='ltr'><strong>poetam</strong></span> <span class='ocrx_word' id='word_1_191' title='bbox 1012 3783 1166 3852; x_wconf 89' lang='lat' dir='ltr'><strong>comicum</strong></span> <span class='ocrx_word' id='word_1_192' title='bbox 1184 3784 1261 3852; x_wconf 83' lang='lat' dir='ltr'><strong>citro</strong></span> <span class='ocrx_word' id='word_1_193' title='bbox 1279 3803 1405 3870; x_wconf 83' lang='lat' dir='ltr'><strong>paroe-</strong></span> <span class='ocrx_word' id='word_1_194' title='bbox 1478 3803 1479 3808; x_wconf 76' lang='grc'>’</span> 
     </span>
     <span class='ocr_line' id='line_1_28' title="bbox 266 3891 1479 3986; baseline 0.005 -22"><span class='ocrx_word' id='word_1_195' title='bbox 266 3897 351 3964; x_wconf 88' lang='lat' dir='ltr'><strong>diam</strong></span> <span class='ocrx_word' id='word_1_196' title='bbox 384 3899 431 3966; x_wconf 89' lang='lat' dir='ltr'><strong>uti</strong></span> <span class='ocrx_word' id='word_1_197' title='bbox 460 3899 601 3986; x_wconf 83' lang='lat' dir='ltr'><strong>potuisse</strong></span> <span class='ocrx_word' id='word_1_198' title='bbox 630 3901 732 3966; x_wconf 86' lang='lat' dir='ltr'><strong>forma</strong></span> <span class='ocrx_word' id='word_1_199' title='bbox 762 3899 871 3965; x_wconf 90' lang='lat' dir='ltr'><strong>Ionica</strong></span> <span class='ocrx_word' id='word_1_200' title='bbox 899 3897 1024 3964; x_wconf 74' lang='grc' dir='ltr'><strong><em>ἀείδειν</em></strong></span> <span class='ocrx_word' id='word_1_201' title='bbox 1056 3919 1113 3984; x_wconf 89' lang='lat' dir='ltr'><strong>pro</strong></span> <span class='ocrx_word' id='word_1_202' title='bbox 1143 3899 1250 3966; x_wconf 85' lang='lat' dir='ltr'><strong>Attica</strong></span> <span class='ocrx_word' id='word_1_203' title='bbox 1278 3895 1403 3982; x_wconf 78' lang='grc' dir='ltr'><strong><em>ᾅδειν.</em></strong></span> <span class='ocrx_word' id='word_1_204' title='bbox 1478 3891 1479 3970; x_wconf 85' lang='lat' dir='ltr'><strong>l</strong></span> 
     </span>
     <span class='ocr_line' id='line_1_29' title="bbox 259 4011 1407 4098; baseline 0.007 -23"><span class='ocrx_word' id='word_1_205' title='bbox 259 4011 354 4085; x_wconf 79' lang='lat' dir='ltr'><strong>Citra</strong></span> <span class='ocrx_word' id='word_1_206' title='bbox 372 4011 555 4096; x_wconf 81' lang='lat' dir='ltr'><strong>paroediam</strong></span> <span class='ocrx_word' id='word_1_207' title='bbox 575 4011 659 4079; x_wconf 88' lang='lat' dir='ltr'><strong>dieo:</strong></span> <span class='ocrx_word' id='word_1_208' title='bbox 679 4034 754 4078; x_wconf 88' lang='lat' dir='ltr'><strong>nam</strong></span> <span class='ocrx_word' id='word_1_209' title='bbox 774 4013 957 4098; x_wconf 92' lang='lat' dir='ltr'><strong>planissime</strong></span> <span class='ocrx_word' id='word_1_210' title='bbox 976 4012 1062 4077; x_wconf 91' lang='lat' dir='ltr'><strong>illius</strong></span> <span class='ocrx_word' id='word_1_211' title='bbox 1081 4012 1201 4078; x_wconf 84' lang='lat' dir='ltr'><strong>formae</strong></span> <span class='ocrx_word' id='word_1_212' title='bbox 1212 4031 1305 4078; x_wconf 89' lang='lat' dir='ltr'><strong>usum</strong></span> <span class='ocrx_word' id='word_1_213' title='bbox 1318 4033 1407 4082; x_wconf 85' lang='lat' dir='ltr'><strong>eon-</strong></span> 
     </span>
     <span class='ocr_line' id='line_1_30' title="bbox 266 4124 1408 4214; baseline 0.005 -24"><span class='ocrx_word' id='word_1_214' title='bbox 266 4124 408 4192; x_wconf 89' lang='lat' dir='ltr'><strong>cedimus</strong></span> <span class='ocrx_word' id='word_1_215' title='bbox 430 4125 656 4192; x_wconf 87' lang='lat' dir='ltr'><strong>Menandro</strong></span> <span class='ocrx_word' id='word_1_216' title='bbox 678 4125 711 4192; x_wconf 93' lang='lat' dir='ltr'><strong>in</strong></span> <span class='ocrx_word' id='word_1_217' title='bbox 738 4124 876 4194; x_wconf 77' lang='lat' dir='ltr'><strong>Thaidis</strong></span> <span class='ocrx_word' id='word_1_218' title='bbox 891 4126 1022 4214; x_wconf 82' lang='lat' dir='ltr'><strong>prologo</strong></span> <span class='ocrx_word' id='word_1_219' title='bbox 1041 4125 1279 4194; x_wconf 79' lang='lat' dir='ltr'><strong>celeberrimam</strong></span> <span class='ocrx_word' id='word_1_220' title='bbox 1296 4125 1408 4196; x_wconf 80' lang='lat' dir='ltr'><strong>istam</strong></span> 
     </span>
     <span class='ocr_line' id='line_1_31' title="bbox 267 4237 694 4326; baseline 0 -22"><span class='ocrx_word' id='word_1_221' title='bbox 267 4237 466 4306; x_wconf 88' lang='lat' dir='ltr'><strong>meretricem</strong></span> <span class='ocrx_word' id='word_1_222' title='bbox 487 4237 535 4326; x_wconf 85' lang='lat' dir='ltr'><strong>ita</strong></span> <span class='ocrx_word' id='word_1_223' title='bbox 554 4239 694 4306; x_wconf 89' lang='lat' dir='ltr'><strong>canenti:</strong></span> 
     </span>
    </p>
   </div>
   <div class='ocr_carea' id='block_1_8' title="bbox 0 0 1494 5016">
    <p class='ocr_par' dir='ltr' id='par_1_8' title="bbox 0 0 1494 5016">
     <span class='ocr_line' id='line_1_32' title="bbox 0 0 1494 5016; baseline 0 0"><span class='ocrx_word' id='word_1_224' title='bbox 0 0 1494 5016; x_wconf 95' lang='lat' dir='ltr'><strong> </strong></span> 
     </span>
    </p>
   </div>
  </div>
 </body>
</html>
