2968 5014
838 353 881 414 811

292 527 313 591 1.
335 547 361 592 ε.
382 547 477 590 ιιιανιιι
499 525 573 589 acsi
592 533 713 610 potem,
727 527 784 590 sed
802 547 872 590 νισν
890 527 1077 592 obtunditur.
1102 527 1157 592 Vs.
1178 530 1196 592 l
1219 525 1315 606 κσπλς,
1329 525 1374 590 otiu

291 663 347 730 pro
370 638 458 714 νοτίς
491 641 670 706 coniectura
701 642 870 728 repositum
892 665 910 706 ι
931 641 1174 721 Valckenrcrio,
1197 643 1303 710 habem
1320 642 1378 708 codd

293 757 371 824 Ven.
399 761 464 823 4⁷1
489 762 521 823 ct
545 757 617 822 Vct.
642 757 708 824 909
730 763 810 824 teste
833 757 991 824 Nsuckio.

807 905 922 918 .—

335 995 448 1062 Glosss
469 993 642 1083 Sophocles
664 995 745 1082 apud
768 995 1012 1062 Grammaticom
1044 996 1268 1063 Goisliuisnum
1294 1019 1319 1083 p.
1345 995 1384 1060 111

291 1102 507 1196 σ’στιβογμειλς
539 1109 621 1176 haud
655 1111 749 1177 dubie
780 1122 926 1202 corrupta
949 1121 997 1179 est
1023 1136 1060 1180 ex
1083 1113 1195 1195 στίβον
1221 1103 1339 1199 ὀγμεύιι
1362 1132 1390 1194 op.

291 1223 386 1312 Soph.
410 1223 545 1291 Philoct.
573 1227 645 1292 163.
1310 1219 1316 1228 ⁴

336 1461 479 1528 Euststh.
502 1485 530 1550 p.
556 1465 658 1530 1908:
682 1461 780 1540 σέλας
802 1458 842 1532 οὕ
862 1456 959 1549 μόνον
986 1457 1095 1554 πυρός
1125 1456 1208 1532 α’λλᾶ
1236 1464 1289 1530 καὶ
1314 1457 1396 1552 tuor,

291 1571 374 1645 ὅθεν
394 1571 487 1664 παρα
509 1578 675 1666 Σοφοκλεῖ
692 1603 712 1666 η
734 1571 824 1668 ὀπὴ,
848 1573 894 1652 ὠς
914 1573 948 1644 ἐν
968 1579 1131 1668 ρριορινῷ
1152 1571 1283 1668 εὓρηται
1303 1575 1400 1658 istud.

291 1690 460 1778 Sophocles
484 1691 561 1757 Oed.
585 1691 653 1758 Col.
677 1715 719 1757 vs
746 1691 789 1757 94
814 1691 950 1758 dixerat:

498 1809 617 1894 σημεῖα
639 1796 670 1871 δ’
690 1799 777 1894 ἥξειν
797 1805 901 1872 τῶνδέ
922 1829 978 1888 μοι
1001 1796 1207 1894 παρηγγύα

498 1911 519 2006 ἢ
539 1908 688 2001 σεισμόν,
710 1911 730 2004 ἢ
751 1909 889 2006 βροντὴν
909 1915 975 2000 τιν’,
1000 1911 1132 2007 ἢΔιός
1154 1917 1280 1993 σέλας.

338 2032 424 2100 Hinc
460 2031 628 2098 Eustuthio
663 2031 773 2097 reddes
797 2023 817 2118 ἡ
840 2024 1023 2120 ἀστραπή
1045 2024 1241 2122 ρῐοήὀπὴ.
1276 2031 1334 2096 Sed
1357 2031 1409 2115 ipse

292 2145 380 2212 locus
395 2145 603 2233 Sophocleus.
624 2169 713 2232 quem
730 2146 900 2234 adscripsi,
922 2170 960 2212 ou
985 2171 1021 2214 ex
1045 2149 1129 2214 omui
1152 2152 1239 2235 purte
1262 2169 1352 2213 sanus
1366 2145 1411 2220 sit,

292 2263 360 2328 iure
379 2263 514 2328 dubitari
546 2267 656 2350 potest.
686 2265 778 2330 Certe
807 2263 934 2330 verbum
967 2266 1168 2350 παρεγγυᾶν,
1204 2263 1287 2352 quod
1308 2261 1413 2352 proprie

293 2379 427 2466 pertinet
449 2377 487 2443 ud
510 2399 572 2444 rem
590 2379 752 2446 militarem
770 2383 827 2456 (=
838 2377 1090 2465 παραγγέλλειη
1108 2379 1180 2446 vide
1203 2379 1369 2445 Moeridem
1389 2379 1416 2440 in
1463 2379 1465 2448 1

293 2496 381 2582 voce)
414 2495 488 2561 olibi
523 2495 570 2560 vel
594 2498 744 2582 imperare
767 2495 816 2565 vel
838 2498 958 2562 hortari
981 2495 1028 2560 vel
1053 2495 1184 2582 donique
1210 2499 1419 2570 mandare,
1465 2459 1466 2488 i

293 2615 476 2678 committere
509 2613 687 2701 significare
720 2612 815 2678 solet:
846 2611 906 2680 hoo
929 2612 1024 2678 unico
1046 2611 1116 2676 loco
1139 2613 1338 2700 significandi
1367 2612 1422 2676 sim

293 2727 385 2794 hebet
407 2751 424 2792 e
446 2727 655 2815 superioribus
679 2728 773 2816 longe
796 2728 947 2794 diversum
968 2727 1036 2794 scil.
1054 2730 1266 2814 promittersdi.
1286 2728 1425 2816 Suspicio

294 2843 366 2908 inde
388 2851 527 2932 augetur,
548 2845 630 2930 quod
652 2867 686 2908 vs
710 2845 753 2910 94
770 2844 858 2912 nulio
880 2867 958 2932 opus
978 2851 1025 2910 est
1043 2843 1135 2910 verbo
1155 2845 1262 2922 linito,
1279 2843 1426 2931 siquidem

293 2961 476 3028 Infinitivus
498 2955 585 3046 ἥξειν
605 2963 721 3048 optime
744 2983 911 3048 ssuspenus
937 2983 1003 3027 esse
1035 2967 1139 3050 potest
1172 2983 1191 3026 ε
1225 2961 1318 3026 verbo
1341 2953 1430 3036 ἔλεξε

294 3101 340 3144 vs.
360 3083 420 3156 88,
441 3077 523 3142 unde
547 3099 589 3142 vs.
618 3079 660 3142 91
685 3077 799 3163 pendet
811 3079 872 3142 lui.
891 3069 1041 3162 κάμψειν.
1062 3077 1150 3150 Quae
1168 3099 1266 3162 quum
1288 3076 1336 3141 its
1358 3074 1431 3150 sint,

294 3217 357 3260 nou
381 3193 459 3258 mele
482 3193 651 3259 conieceris
674 3193 857 3281 Sophoclem
881 3193 955 3262 olim
978 3193 1155 3279 scripsisse:

501 3311 619 3395 σημεῖα
641 3299 671 3374 d'
689 3303 777 3396 ἥξειν
794 3306 896 3374 τῶνδέ
918 3331 976 3390 μοι
997 3305 1209 3395 φερέργσα.

500 3411 520 3508 ἢ
541 3411 692 3503 σεισμόν,
715 3413 736 3510 ἢ
757 3411 894 3509 βροντήν
913 3413 980 3500 τιν’,
1003 3411 1024 3505 ἢ
1046 3413 1126 3494 Διὸς
1146 3417 1254 3493 σε’λας.

339 3534 479 3600 Tertium
510 3539 744 3621 argumentum,
772 3557 835 3621 quo
865 3541 898 3600 et
921 3534 1049 3621 vulgate
1069 3535 1268 3621 impugnetur
1287 3531 1387 3598 lectio
1408 3539 1439 3598 et

294 3651 369 3716 heec
389 3673 456 3715 mea
480 3651 659 3716 coniectura
679 3652 925 3730 commendetur,
948 3651 1008 3716 hoo
1029 3657 1092 3729 est,
1104 3651 1187 3736 quod
1203 3649 1328 3715 verbum
1346 3671 1440 3736 παρ-

295 3766 410 3851 εγγυᾶν
431 3766 511 3854 apud
532 3767 630 3832 sotum
650 3767 830 3855 Euripidem
850 3769 959 3846 ιενιελ,
978 3775 1127 3853 quantum
1141 3768 1207 3834 scio
1219 3765 1343 3852 (Suppl.
1359 3767 1442 3838 7⁰2,

295 3882 388 3966 idque
400 3884 522 3970 propria
534 3883 733 3972 significandi
747 3885 912 3971 potestate)
923 3883 1097 3950 adhibitum
1110 3906 1176 3950 osse
1187 3883 1343 3958 iuvenies,
1361 3881 1443 3946 dum

295 3991 476 4083 φερέγγυος
491 3999 691 4085 (vocabulum
716 4002 839 4089 proprio
870 4003 1027 4088 Ionicum)
1059 4001 1139 4089 opud
1166 3999 1304 4087 tragicos
1327 4007 1445 4084 poetas

294 4110 338 4176 sit
369 4133 427 4178 usu
456 4117 662 4184 tritissimum.
696 4121 820 4202 Σημεῖα
840 4125 941 4186 autem
977 4113 1144 4206 pepe'yyuo
1166 4115 1246 4182 idem
1272 4113 1374 4194 solet,
1406 4139 1446 4182 ec

295 4228 322 4294 si
363 4229 397 4295 in
433 4234 574 4300 oratione
608 4234 741 4323 pedestri
778 4235 865 4300 dicas
898 4235 1016 4322 σημεῖα
1048 4223 1150 4299 πισταὶ
1182 4257 1207 4299 s.
1242 4222 1387 4321 α’σφαλῆ
1421 4257 1447 4302 s.

295 4334 461 4438 ἀξιόχρεα.
