2990 5012
781 425 824 488 30

232 613 285 680 ubi
310 614 478 692 consulas,
505 613 618 690 velim,
643 613 848 680 scholiastam
866 627 898 678 et
914 613 1010 680 simul
1029 614 1225 703 perpendaS,
1242 636 1282 682 an
1300 635 1360 703 pro

231 739 259 796 εἰ
288 733 403 816 φέρεις.
442 729 530 816 ορυοο
566 741 639 816 post
675 732 779 814 φέρων
816 749 950 816 prorsus
988 728 1134 818 ineptum
1171 741 1239 805 est,
1271 741 1361 796 reete

230 843 425 912 coniecerim
461 851 639 931 ευπρεπώς.
689 843 750 911 Sed
784 845 832 910 rel
869 843 972 931 magis·
1007 845 1071 912 bue
1105 845 1225 912 luriunt
1262 845 1358 912 rerba

233 959 357 1027 Ecnuer
389 981 427 1027 ex
454 959 536 1027 Ιουυ
558 979 609 1048 ap.
635 959 749 1026 Athen.
781 958 845 1024 l'll.
870 961 936 1027 300
960 981 1005 1025 e:

732 1083 770 1140 αἳ
793 1101 826 1142 τε
851 1076 1177 1160 λιμνοσὼματοι

412 1197 629 1288 Βοιιώτιαι
663 1203 812 1274 παρῆσαν
843 1192 1039 1276 ἐγχέλεις
1071 1197 1167 1257 θεαί

410 1304 513 1373 τεῦτλ’
538 1308 772 1392 ἀμπεχόμεναι.

233 1416 287 1484 ubi
316 1437 375 1506 pro
398 1423 638 1502 λιμνοσόιμαιοι
665 1417 859 1484 l'alckenaer
888 1417 1026 1484 coniecit
1053 1421 1357 1504 λειυοώματοι,

233 1533 320 1622 quod
351 1534 485 1600 sortasse
522 1553 634 1600 verum
658 1543 717 1600 est.
764 1533 837 1620 lpse
865 1533 1080 1618 cogitaveram
1106 1533 1146 1600 de
1170 1533 1360 1620 reponendo

234 1651 555 1734 λιπαρυσώματοι.

277 1762 428 1830 Similiter
451 1763 564 1830 vocula
587 1775 663 1830 osso
687 1761 850 1828 interierat
878 1762 910 1828 in
934 1761 1166 1849 sophistarum
1192 1761 1359 1828 Petronis

234 1879 429 1964 fragmento,
455 1875 543 1964 quod
568 1874 614 1942 sic
638 1873 781 1942 restituit
804 1873 915 1942 Cobeti
941 1875 1100 1942 sollertia:

677 1991 842 2073 Ξενοκλῆς
867 1994 901 2057 δὲ
928 1993 1195 2078 ὄσνόεκαμρχανος

411 2112 430 2174 ό
453 2111 609 2190 καρκίνον
634 2115 711 2182 παῖς
738 2117 793 2172 τοῦ
818 2106 1002 2173 θαλαττίου
1027 2106 1145 2190 (θεοῦ).

235 2231 267 2286 et
291 2217 428 2288 similem
451 2217 643 2286 medicinam
669 2219 841 2306 bucusque
867 2219 985 2286 frustra
1007 2219 1185 2308 expectavit
1209 2219 1299 2286 locus
1320 2239 1360 2287 ex

237 2335 362 2402 Eunoni
383 2333 601 2424 Campylione
622 2355 672 2423 ορ.
692 2334 765 2400 Atb.
779 2333 831 2400 Vll
858 2355 889 2422 p.
907 2337 971 2400 295
988 2354 1015 2400 e.
1038 2347 1095 2418 την
1110 2333 1138 2401 τ’
1152 2341 1359 2420 εὐπρόσωπον

236 2451 365 2519 λοπάδα
387 2461 442 2519 τοῦ
462 2453 646 2520 θαλαττίου
663 2453 855 2533 γλαύκου
879 2453 1038 2534 φέρουσαν
1060 2454 1281 2537 εὐγενέστερον
1304 2453 1361 2516 λὰ-

236 2573 343 2655 βρακα
377 2571 410 2633 θ’
435 2573 539 2648 ἑφθὸν
572 2569 658 2656 ἅλμῃ
682 2573 780 2654 μίαν,
811 2587 895 2654 quae
924 2565 1019 2633 rerba
1054 2565 1193 2654 pessime
1214 2564 1361 2632 babitaa

237 2681 374 2750 librariis
399 2681 429 2748 in
456 2683 542 2749 bunc
566 2683 699 2750 modum
724 2681 924 2750 restituenda
950 2703 1023 2750 esse
1048 2679 1215 2769 suspicor:

370 2808 428 2882 τήν
454 2799 481 2866 τ’
508 2805 711 2885 εὐπρόσωπον
738 2799 854 2867 λόπαδ’
880 2800 953 2883 (ἔτ’)
979 2801 1201 2884 ευγενέστιρον

371 2915 557 2996 γλαῦκον
582 2918 744 3000 φέρουσαν
768 2929 823 2984 του
850 2917 1035 2982 θαλαττίου
1058 2917 1164 2998 (θεοῦ)

369 3029 517 3115 λάβρακὰ
546 3030 579 3095 o'
603 3035 707 3112 ἑφθὸν
733 3081 739 3096 .
766 3081 773 3096 .
799 3081 806 3096 .
834 3033 950 3118 ,ἅλμῃ
973 3035 1062 3114 μίαν.

281 3141 379 3210 Docet
413 3141 525 3210 eadem
551 3163 603 3210 ars
634 3144 899 3233 palaeographica
930 3145 1050 3212 nullam
1086 3143 1359 3233 praepositionem

237 3257 360 3324 facilius
381 3277 399 3324 a
424 3255 537 3324 scribis
563 3257 681 3346 negligi
703 3280 799 3347 quam
821 3269 898 3344 πρὸς
919 3257 974 3344 (Cl.
993 3258 1081 3338 Bast,
1107 3259 1229 3326 Comm.
1250 3259 1310 3327 Pal.
1328 3281 1360 3348 p.

237 3373 317 3460 tut)
378 3372 465 3450 Quae
496 3372 679 3442 observatio
711 3395 774 3440 usu
802 3373 909 3441 reniet
940 3373 1123 3441 emendanti
1157 3374 1361 3442 Nroosrnnrr

237 3491 361 3577 Κλίνης
381 3487 493 3575 l'ragm.
509 3507 560 3576 ap
574 3489 689 3556 ilthen.
712 3487 762 3555 lll.
785 3511 814 3576 p.
831 3491 892 3554 111
908 3509 947 3566 e.,
969 3487 1023 3554 ubi
1043 3487 1148 3554 lenius
1165 3499 1360 3578 reponetur:

393 3611 446 3670 καί
470 3605 577 3688 μέλιτι
603 3605 886 3691 (προσλμεμιγμίνη
907 3603 912 3690 Ι
933 3608 1026 3687 οίτμίς
1052 3633 1100 3682 τις
1128 3613 1194 3672 ντί.

236 3741 333 3810 quam
353 3731 409 3787 aul
433 3725 715 3810 (συμ)μομιγμίνη,
733 3721 821 3808 quod
846 3719 988 3792 Brunck,
1014 3731 1069 3786 aul
1085 3722 1360 3807 (oralpeprype'vq.

237 3837 324 3926 ‹puod
349 3836 493 3904 bleinelre
519 3834 698 3924 proposuit.

283 3951 423 4020 Eandem
449 3961 549 4018 artem
570 3950 625 4038 qui
650 3949 766 4018 callent
788 3969 852 4017 non
875 3948 1024 4036 ignorant
1045 3949 1233 4038 frequenter
1248 3971 1266 4017 a
1283 3948 1361 4016 scri-

237 4069 287 4138 bis
311 4065 464 4136 conlundi
489 4063 745 4154 praepositiones
768 4071 848 4149 μετὰ
874 4073 905 4130 et
931 4073 1023 4132 κατὰ.
1048 4061 1145 4130 Cuius
1163 4061 1360 4130 contusionis

238 4205 356 4252 novum
391 4179 571 4268 exemplum
596 4177 764 4268 praebebit
788 4179 952 4246 llnrmnrs
971 4179 1064 4246 locus
1081 4197 1117 4243 ex
1141 4174 1358 4256 rltluumonte,

240 4299 293 4366 ubi
317 4297 488 4388 exponitur
511 4315 624 4374 eausa,
651 4315 710 4362 eur
733 4293 1029 4362 benevolentiorem
1047 4291 1194 4360 homines
1211 4311 1282 4360 esse
1302 4291 1359 4358 du·

239 4425 313 4482 cant
338 4412 539 4480 meretricem
565 4431 663 4498 quam
687 4431 841 4478 uxoremt

331 4538 348 4614 ἠ
371 4531 443 4612 μέν,
471 4525 585 4614 inquil,
604 4535 689 4614 νόμῳ
713 4535 774 4617 γὰρ
799 4527 1060 4617 καταφρονοῡσ
1084 4529 1180 4596 ἕνόον
1203 4528 1301 4612 μένει.
