2944 5002
84 554 232 620 lucertum
254 551 388 630 deiude,
414 552 572 643 quomodo
597 551 781 644 corrigendo
807 555 868 618 siut
888 574 970 642 quoe
988 552 1081 618 verbu
1106 551 1258 619 claudunt

84 674 251 765 periodum:
279 673 332 740 καί
356 672 512 740 ἐπιδώσειν
534 673 593 748 τὰς
617 673 723 747 πόλεις
748 669 925 751 Ῥωμαίοις,
949 695 1024 738 uem
1047 685 1079 739 et
1099 671 1258 740 desidere·
1283 655 1286 662 ⁴

84 809 129 862 tur
155 795 283 863 uerbum
294 844 304 875 ,
329 793 414 860 uude
437 793 555 884 pendet
578 793 733 860 Infinitiri
753 793 930 873 Futurum,
955 806 988 861 et
1011 793 1173 860 ἐπιδιδόναι
1197 793 1259 860 hec

84 917 112 981 iu
138 939 169 982 ro
199 915 360 982 Graecum
387 937 452 981 nou
475 927 521 982 est
545 913 600 981 sed
623 913 833 996 παραδιδόναι.
881 913 979 980 Recte
998 913 1175 980 diceretur:
1203 914 1256 980 καί

85 1037 382 1116 ἐπηγγείλαντο
416 1036 648 1120 παραδόσειν;
681 1035 779 1125 possis
809 1034 870 1100 alie
903 1037 937 1100 iu
970 1034 1107 1102 eundem
1130 1058 1257 1102 sensum

86 1158 242 1236 couiiccre,
268 1155 323 1223 sed
347 1155 432 1246 quod
456 1169 578 1223 certum
602 1157 641 1222 sit
667 1156 759 1222 nihil.

121 1277 187 1344 Nou
209 1277 310 1366 magis
331 1299 443 1343 sunum
466 1290 530 1357 ost,
557 1275 642 1367 quod
664 1276 781 1366 legitur
792 1275 910 1342 ibidem
922 1299 967 1344 rs.
985 1279 1039 1356 15,
1062 1277 1255 1356 ὑπήκουσαν,

82 1397 406 1478 uoueuimcousules‚
427 1397 542 1478 credo,
562 1397 786 1463 obediverunt
796 1397 924 1488 legetis,
946 1399 1001 1487 qui
1012 1411 1164 1465 reuerent
1175 1399 1259 1489 peti·

82 1531 141 1584 tum
167 1541 299 1610 pacem,
329 1517 384 1585 scd
411 1541 532 1584 aurem
559 1519 597 1584 iis
613 1519 810 1610 praebuere
832 1517 1021 1608 benignum,
1047 1542 1145 1609 quere
1169 1519 1259 1596 έπιὶ·

81 1663 180 1705 ιιουσαν
210 1662 322 1706 rerum
353 1651 410 1706 est.
459 1639 565 1706 lliuus
596 1639 690 1706 focile
721 1639 857 1730 corrigas
889 1641 1072 1730 sequeutia:
1099 1639 1151 1706 καί
1176 1639 1259 1706 ουνέ-

82 1762 154 1826 tore
176 1761 292 1842 είριίνιρν
313 1757 366 1835 ἕσιν
387 1761 613 1826 πεντεκαιδεκα
633 1761 787 1842 λαβόντες
805 1760 953 1844 δραχμῶν
973 1761 999 1827 ιέ
1010 1761 1180 1842 μυριοίδας,
1203 1761 1257 1827 καί

80 1881 140 1955 τοὺς
170 1883 395 1964 αἰχμαλώτους
428 1881 571 1948 όποδόνσι
600 1881 744 1963 κυριεύειν
777 1881 1012 1963 Συρακοσίοις
1044 1881 1097 1947 καί
1121 1881 1181 1947 τῶν
1205 1884 1259 1949 ὑπ’

79 2002 161 2068 alric
190 2001 310 2068 πόλεσιν
341 2003 406 2068 erl.
454 2002 492 2069 lu
524 2003 670 2069 extremis
705 2000 924 2092 reponendum
947 2023 1013 2068 esse
1037 2002 1259 2084 Συρακοσίων

81 2121 122 2188 rel
150 2145 262 2189 coecus
292 2121 395 2205 ridet3
430 2123 463 2189 iu
491 2122 648 2213 prioribus
678 2121 851 2189 ridendum
871 2144 912 2188 uu
932 2122 1090 2190 suffecerit
1113 2134 1186 2190 unte
1209 2123 1260 2190 rel

81 2255 141 2331 post
169 2244 284 2324 εἷριόννρν
303 2245 440 2310 inserere
461 2243 583 2326 Ἱέρωνι,
608 2243 692 2334 quod
715 2265 833 2311 nomeu
860 2243 901 2309 ob
925 2265 1052 2312 causam
1074 2243 1260 2334 palaeogra-

22 2403 24 2462 ρ
82 2361 196 2451 plicam
219 2387 257 2430 eo
281 2363 352 2430 loeo
371 2363 464 2430 lecile
482 2361 626 2431 excidere
644 2365 759 2454 potuit.
797 2362 861 2432 Sed
876 2364 1005 2432 fortusse
1021 2365 1113 2455 pluro
1131 2363 1257 2433 desuut.

22 2463 25 2614 J
117 2484 238 2552 [lortius
271 2497 319 2552 est
349 2486 383 2552 iu
406 2485 446 2552 fr.
472 2484 701 2574 V111(v)vs.
727 2489 769 2552 27
794 2485 1011 2577 supplendum·
1029 2509 1112 2552 esse:
1138 2485 1257 2556 Τυνδοί-

80 2629 123 2685 ριοι
152 2605 184 2672 δέ
219 2605 335 2676 totvm
367 2607 480 2680 αὐτοὺς
514 2607 800 2688 όπολελειμμένους
838 2605 990 2696 (μόνους),
1019 2605 1105 2696 quod
1139 2630 1256 2675 nomeu

23 2649 25 2802 ί
80 2749 128 2792 cur
157 2691 309 2819 perierit,
345 2726 516 2794 obscurum
548 2749 612 2792 nou
644 2739 710 2808 est,
740 2739 772 2794 et
801 2749 846 2794 rs.
877 2731 940 2794 38:
967 2727 1182 2808 ἠβουλήθησαν
1203 2727 1257 2795 καί

23 2805 25 2830 ί

80 2847 153 2915 edroi
188 2847 368 2937 (έν)δοῦναι,
397 2869 502 2938 neque
529 2849 634 2914 miuus
657 2871 702 2914 rs.
729 2853 793 2915 33:
819 2845 872 2914 καί
896 2855 980 2915 σῖτον
1005 2845 1083 2938 (καί)
1108 2843 1182 2915 οἶνον
1205 2849 1257 2916 καί

24 3047 25 3066 ¹
79 2969 125 3044 σίρν
150 2967 254 3045 ἄλλην
283 2969 481 3051 παρασκευίιν
503 2968 722 3049 οίπεκόμισανς
748 2967 875 3036 sedvel
899 2970 1200 3060 sioepitomatoris,
1225 2971 1258 3036 ui

24 3141 26 3220 p
79 3089 175 3170 lollor,
209 3089 305 3181 culpu
335 3089 418 3158 male
448 3090 528 3157 hoec
559 3113 624 3157 nou
658 3092 763 3158 miuus
795 3115 891 3182 quaxn
915 3115 973 3172 ee,
1007 3115 1089 3182 quoe
1117 3092 1259 3182 proxime

24 3233 26 3301 ρ
80 3211 284 3300 mecedem,
306 3211 407 3278 verbis
430 3223 582 3303 conceptu
606 3225 691 3280 suut.

25 3381 26 3418 3
115 3331 206 3400 luitio
241 3333 282 3399 lr.
320 3332 349 3398 X
386 3331 476 3422 (vll)
507 3345 577 3423 post
607 3333 814 3414 Ἀκράγαντα
842 3345 890 3399 sut
919 3333 1026 3424 inepte
1057 3333 1173 3424 legitur
1202 3336 1258 3410 πίον

25 3477 26 3480 “
80 3451 173 3531 πίλινς
203 3467 237 3520 et
260 3455 294 3519 iu
330 3453 395 3520 liue
429 3453 552 3520 ratione
574 3455 696 3521 inverse
719 3454 833 3522 lubeus
859 3453 1029 3522 deleverim
1052 3453 1258 3536 Ἀκριίνανσα

81 3587 139 3660 port
161 3573 319 3642 vocabula
342 3575 397 3651 πίρν
420 3573 519 3640 πόλιν.
1007 3641 1015 3660 ,

118 3694 243 3786 l'xxgm.
282 3695 328 3761 Xl
365 3695 471 3784 (VIII)
508 3695 578 3762 init.
615 3695 736 3787 duplici
759 3698 888 3764 nominc
912 3697 1021 3763 vitiose
1044 3709 1118 3762 suut
1141 3697 1256 3765 verbu:

82 3815 199 3898 ι’σέρασε
232 3815 381 3896 μννόλνν
410 3816 538 3895 δύναμιν
561 3818 592 3884 έν
616 3818 766 3903 Σικελίας
791 3840 866 3883 nuru
889 3818 1062 3908 requiritur
1084 3818 1258 3902 διεπέρασε

80 3936 214 4015 μινιίλκν
250 3937 381 4016 δύναμιν
414 3938 458 4012 είς
495 3937 653 4005 Σικελίαν.
701 3938 774 4004 ldox
808 3961 854 4004 rs.
891 3941 912 4004 8
947 3951 1017 4030 post
1048 3941 1154 4015 ίππείο
1185 3941 1258 4021 μέν

81 4057 257 4142 τρισχιλίους
286 4059 498 4125 necessarium
523 4081 608 4125 esse:
635 4059 742 4134 ἱππεῖς
771 4058 829 4149 (δέ)
853 4060 1021 4134 διακοσίους
1044 4084 1174 4128 mouere
1196 4083 1256 4152 pu-

82 4177 169 4244 tidum
205 4177 306 4245 rideri
339 4189 464 4268 posset,
495 4179 556 4244 uisi
579 4177 673 4244 multi
701 4178 835 4246 editores
865 4180 944 4246 tales
977 4183 1147 4272 particulos
1171 4191 1259 4272 gruta

81 4300 204 4388 quodam
240 4297 433 4389 negligentia
468 4298 508 4364 eb
543 4299 724 4366 auctoribus
757 4299 917 4368 interdum
949 4305 1070 4383 omitti,
1100 4303 1158 4368 sibi
1185 4323 1258 4392 per·

80 4419 199 4487 suadere
223 4420 415 4488 riderentur.
453 4419 566 4488 Manca
587 4434 660 4487 suut
677 4422 772 4488 rerba
792 4422 904 4490 ultime
915 4471 925 4503 ,
944 4447 1026 4512 quae
1047 4425 1091 4489 sic
1107 4421 1255 4512 suppleo:

80 4541 248 4626 ἐλέφαντας
280 4541 332 4632 (δ’)
357 4541 434 4608 όκσόι
460 4541 531 4631 (μέν
552 4547 634 4625 Φασι
659 4543 708 4611 rel
731 4543 787 4624 μὲν
810 4543 937 4632 συνέβη)
962 4547 1070 4610 όανεῖν.
1094 4541 1259 4622 πριοίκονπα

81 4671 149 4742 τρεῖς
169 4663 202 4729 δέ
225 4663 591 4746 κατασρανματισόιῑναι.

1013 4785 1030 4833 6
1039 4781 1051 4811 Ι
