2932 5004
764 324 806 386 86

234 509 316 578 Ibid.
350 513 425 578 vitio
456 525 530 577 nata
561 523 607 577 est
638 531 782 598 praepos.
808 509 874 590 περὶ
900 531 917 574 e
940 508 1141 598 praecedenti
1166 509 1318 576 vocabulo
1341 512 1374 575 in
1464 527 1465 604 ᾗ

189 633 309 699 verbis:
343 635 377 698 ού
405 633 468 714 rep
499 632 612 698 δέκοιιον
642 631 694 697 τὸν
726 631 777 696 ἐπὶ
809 637 868 696 τῶν
897 628 1004 697 ἄλλον
1035 629 1249 708 ἀπειπάμενον
1271 635 1378 696 πᾶσοιν

188 754 418 836 φιλανθρωπίαν
453 752 547 819 κύτὸν
582 753 612 816 ἐν
648 750 704 838 (τῷ
737 749 851 838 insere)
882 751 966 832 μέρει
995 749 1278 838 [περι]πτοοέοιιντκ
1300 775 1377 830 συγ·
1464 761 1465 842 s

186 872 296 955 χύνειν
325 881 380 950 τῆς
412 909 457 924 -·
489 872 656 944 ἐπιεικείας
687 872 752 938 κτὲ.
801 871 969 937 Tralaticio
1000 871 1114 937 deinde
1145 893 1250 937 errore
1273 897 1305 962 p.
1332 876 1377 938 86

188 1017 231 1059 rs.
266 999 326 1060 14:
360 999 466 1060 τοῦτο
499 993 563 1074 γὰρ
589 991 816 1072 συμβάλλεται
850 991 1023 1071 μενοέλοο
1047 992 1120 1071 πρὸς
1143 990 1272 1067 σύξκσιν
1297 996 1377 1058 πᾶσι

186 1117 243 1194 μέν
273 1115 433 1196 ύνύρύποις
464 1137 521 1204 pro
552 1151 597 1164 --
628 1113 853 1193 συμβιέλλετκι
886 1113 934 1190 μέ
942 1136 998 1191 μοι
1029 1114 1093 1178 κτέ.
1127 1113 1278 1202 scriptum
1309 1135 1378 1179 esse
1464 1157 1465 1160 =

189 1235 287 1302 rides.

233 1357 331 1422 Recte
353 1356 403 1446 (fr.
424 1356 482 1444 lv)
503 1359 535 1422 in
559 1355 677 1422 verbis:
704 1352 749 1422 ἐτι
768 1363 823 1431 τῆς
835 1355 937 1438 τύχης
950 1355 1105 1437 εὐροούσης
1117 1365 1181 1427 τοῖς
1193 1357 1374 1435 Ῥοιμιιέοις,
1464 1433 1465 1436 ¹

185 1475 383 1557 ἐβουλεύοντο
412 1477 497 1555 μετὰ
521 1484 641 1552 πολλοῖς
664 1475 853 1557 ἐπισκέψεως
878 1482 940 1550 πῶς
963 1477 1088 1551 nattam
1109 1477 1285 1558 χρύσκσύοιι
1308 1485 1374 1549 τοῖς
1464 1469 1465 1544 ff

185 1599 386 1679 εύτυχύμοοσι
400 1647 407 1663 .
422 1645 455 1666 ..
479 1599 564 1665 κοιτέο
587 1597 695 1679 τρύπον
718 1597 931 1678 εὐχερέστερον
954 1593 1031 1662 εένοιι
1053 1602 1106 1662 τοῦ
1131 1597 1374 1675 exemerim·

185 1720 234 1784 έοοι
259 1728 321 1792 τοῖς
338 1715 443 1793 ὅπλοις
459 1721 529 1794 τοὺς
549 1718 815 1800 οέντιτοοχύέντοοςς
842 1729 946 1796 recte,
968 1717 1116 1806 inquom,
1138 1719 1172 1783 in
1188 1717 1236 1783 his
1254 1718 1375 1807 nliquid
1464 1741 1465 1802 j

185 1838 291 1906 deesse
314 1853 478 1907 senserunt
500 1841 559 1906 riri
581 1839 686 1919 docti,
710 1839 793 1905 male
817 1839 912 1905 iidem
935 1839 1083 1904 lacunam
1106 1851 1278 1905 statuentes
1302 1851 1375 1928 post

185 1961 408 2043 εύτιιχιέμοισις
430 1985 505 2028 uam
524 1961 728 2051 perspicuum
748 1971 794 2026 est
814 1959 967 2026 vocabula
986 1959 1072 2026 κοιτέι
1091 1959 1199 2040 τρύπον
1218 1960 1378 2050 pertinere
1464 2029 1465 2036 ς

186 2080 225 2145 ad
260 2081 502 2172 praecedentia,
540 2094 572 2147 et
607 2080 803 2170 iungendum
834 2103 920 2146 esse:
956 2087 1019 2154 πῶς
1051 2082 1174 2157 κούιὶκει
1198 2082 1377 2162 χρύσοισύοοι

185 2201 271 2267 κοιτέι
294 2200 403 2282 τρέποι
424 2210 487 2273 τοῖο
510 2202 727 2283 εύτυχύμοισις
752 2223 826 2266 nem
850 2201 934 2266 κοοτέι
962 2200 1070 2282 τρύπον
1097 2201 1180 2292 apud
1200 2201 1377 2268 Diodorum

187 2319 455 2410 quemadmodum
497 2321 581 2412 apud
627 2319 763 2410 reliquos
809 2319 889 2386 nihil
936 2320 1021 2386 aliud
1042 2423 1044 2430 Α
1067 2323 1244 2411 siguificare
1279 2345 1377 2413 quam

185 2444 271 2523 ὀρθῶς
306 2443 329 2506 i.
362 2465 391 2508 e.
428 2449 522 2506 recte
556 2451 590 2506 ct
623 2442 746 2508 ordine
768 2440 818 2507 rel
840 2441 960 2508 discere
980 2464 1144 2531 possumus
1167 2467 1186 2508 a
1208 2444 1247 2510 fr.
1274 2443 1373 2509 XIV:
1464 2481 1465 2484 ι

184 2567 371 2649 exsolvero
415 2571 471 2639 τῆς
506 2565 603 2640 ούτῆς
637 2558 714 2630 εένιοι
746 2569 855 2646 ψυχῆς
891 2562 1016 2642 dodonis
1050 2587 1086 2629 τε
1128 2562 1223 2641 τοέξιοι
1266 2567 1377 2630 κριτοὶ
1464 2569 1465 2626 ἶ

184 2685 330 2767 πρέπον
353 2687 420 2752 κτὲ.
468 2681 694 2750 Constituerim
717 2683 815 2773 igitur
837 2683 944 2750 locum
968 2684 1033 2750 sic:
1061 2691 1123 2757 πῶς
1147 2685 1272 2761 κούιὶκει
1298 2687 1376 2766 χρή·
1464 2759 1465 2778 ἢ

185 2809 298 2873 σοισύοοι
321 2813 385 2879 τοῖς
408 2805 610 2888 εὐτυχήμασι
634 2805 720 2871 sarda
742 2803 851 2886 τρύπον
874 2859 890 2890 ἡ
906 2859 921 2892 ἡ
936 2860 951 2890 q
977 2807 1191 2887 εὐχερέστερον
1214 2801 1291 2871 strar
1316 2811 1374 2872 τοῦ
1464 2821 1465 2828 ’

185 2927 461 3005 κοιτοινοινέσοισύοοι
497 2934 561 3000 τοῖς
593 2921 695 2999 ἐπλοις
728 2926 798 3000 τοὺς
829 2926 1088 3009 οέντιτοιχύέντοος.
1137 2927 1300 2992 Lacunam
1332 2928 1375 2993 ad

186 3047 374 3114 senteutiam
404 3069 468 3112 non
498 3045 582 3114 male
609 3045 779 3136 expleveris
810 3045 978 3112 inserendo
1009 3047 1092 3112 δοκεῖ
1121 3046 1151 3114 δὲ
1177 3045 1252 3135 (sire
1275 3037 1361 3114 δοκοέ

183 3169 212 3235 δ’
246 3167 298 3256 ἐιν)
333 3172 440 3245 τοῦτος
478 3167 527 3233 rel
561 3167 715 3246 ὑπολάβοι
751 3167 776 3232 δ’
811 3166 850 3232 ἄν
882 3191 929 3241 τις
964 3171 1075 3247 τοῦτο,
1108 3167 1161 3233 sed
1189 3169 1250 3233 alia
1280 3169 1375 3258 plura

185 3289 357 3356 conieceris
379 3290 412 3354 in
436 3287 572 3354 eundern
597 3309 742 3366 sensum,
767 3289 812 3354 ito
835 3301 871 3354 ut
894 3287 974 3354 nihil
999 3287 1173 3379 quidquam
1186 3301 1307 3356 certum
1320 3291 1373 3356 sit.

185 3410 234 3479 (ll.
263 3410 374 3499 Polyb.
405 3409 453 3488 X,
478 3431 507 3474 o.
533 3412 586 3474 30.
635 3406 808 3498 Sequentia
831 3407 942 3498 supple
965 3407 1151 3474 scribendo:
1178 3410 1211 3474 ού
1234 3409 1295 3489 μέςν
1318 3411 1374 3476 eal

182 3532 316 3606 τοέλκύές
343 3531 356 3621 (
381 3527 403 3618 ’>
426 3525 521 3603 οὕτος
547 3524 628 3610 εἶχε.

230 3652 284 3717 ltr.
318 3651 346 3714 V
378 3675 421 3717 rs.
453 3657 516 3717 33:
550 3649 644 3729 μηδὲν
674 3649 699 3713 δ’
731 3649 871 3723 οένύοντες
901 3645 938 3714 ύν
970 3649 1153 3730 ἐπρέσβευον
1174 3652 1219 3722 εἰς
1242 3651 1373 3731 οέπορέοον

182 3771 352 3838 ἐνέπιπτον.
379 3772 535 3838 Graecum
554 3794 620 3836 non
643 3783 689 3837 est
712 3769 893 3854 πρεσβεύειν
917 3794 967 3846 τι,
993 3769 1046 3835 sed
1068 3771 1138 3850 περέ
1156 3794 1248 3848 τινος;
1273 3793 1374 3860 quere

183 3891 305 3957 scribo:
343 3888 381 3957 ὧν
416 3890 507 3980 (πέρι)
543 3891 745 3974 ἐπρέσβευονς
782 3891 897 3958 inserta
931 3891 1181 3981 praepositione,
1208 3913 1374 3980 quae-cur

181 4013 313 4104 perierit
329 4013 530 4078 manifestum
549 4027 606 4079 est.
644 4013 765 4080 Ultima
786 4013 940 4080 sententia
960 4012 1054 4078 huius
1074 4013 1212 4102 excerpti
1231 4012 1374 4102 proderit
1464 4089 1465 4092 Ἴ

183 4136 223 4226 fr.
250 4133 296 4200 vl
317 4131 359 4218 (V
378 4135 396 4218 §
417 4133 450 4221 3)
472 4134 558 4214 init.;
584 4133 638 4199 ubi
655 4132 766 4200 eadem
785 4135 880 4200 rerba
898 4145 1085 4212 recurrunt,
1106 4133 1160 4199 sed
1180 4133 1373 4202 adhaerente

182 4258 482 4346 interpretamento,
524 4255 609 4343 quod
652 4255 757 4321 deleas
787 4253 971 4321 scribendo:
1002 4254 1087 4320 sorde
1118 4255 1173 4328 rin
1204 4257 1372 4336 ποοροιμέοον
1464 4315 1465 4340 q

184 4377 219 4441 τὸ
258 4376 389 4442 κύκνειον
423 4373 556 4458 ᾄσοοντες
592 4373 730 4462 [μέλος].
786 4374 976 4442 Constantes
1010 4375 1096 4441 enirn
1130 4376 1163 4440 in
1198 4375 1260 4442 hac
1294 4401 1370 4468 pro·
1464 4367 1465 4412 t

185 4494 314 4561 verbiali
336 4496 495 4563 locutione
517 4494 611 4576 μέλος
635 4497 791 4564 omittitur
814 4521 843 4563 r.
868 4521 896 4564 c.
918 4497 951 4562 in
973 4493 1140 4588 Chrysippi
1152 4497 1265 4588 fragm.
1286 4501 1370 4589 apud

187 4611 383 4682 Athenaerun
420 4617 495 4685 xlv
528 4641 560 4707 p.
598 4619 663 4684 616
677 4617 709 4687 b.
759 4617 976 4693 Φιλοσκύπτκς
1010 4617 1068 4706 (τις
1102 4619 1216 4705 insere)
1246 4619 1370 4696 μέλλων
