2990 5012
783 419 823 480 16

283 605 333 672 VS.
359 609 442 672 662:
489 609 576 681 ὅστις
600 604 630 670 δ’
654 609 796 692 ὑπερβάς
819 636 837 690 η
868 613 982 689 νόμους·
1007 609 1157 693 βιάζεται

391 732 411 807 η’
435 722 741 788 τούπιτάσσειν
767 729 835 795 τοῖς
860 727 1077 804 κρατύνουσιν
1106 733 1174 790 νὀεῖ
1197 729 1264 788 κτὲ.

280 835 340 915 Qui
365 835 504 924 probant
528 833 710 902 Doederlini
734 834 953 902 coniuctunnn
979 845 1072 922 ῆισι
1090 843 1292 906 ἐπιτάσσειν.
1310 855 1367 904 eas

234 972 393 1041 provoca,
419 963 455 1018 ut
480 971 580 1018 unum
606 949 685 1017 niti
702 960 886 1018 monstrent
910 951 995 1040 apud
1014 950 1167 1039 antiquas
1191 961 1223 1016 et
1248 951 1366 1040 proba-

236 1077 286 1135 tus
309 1065 485 1156 scriptores
510 1067 634 1146 locum,
661 1066 716 1134 ubi
738 1077 759 1152 't'
784 1105 825 1114 -
850 1077 921 1152 ἤτοι
945 1067 1071 1154 legatus
1087 1087 1147 1155 pcc
1170 1078 1240 1152 ῆισι
1267 1105 1307 1114 -
1332 1077 1364 1151 ἦ.

237 1181 405 1248 Praeterea
444 1201 480 1248 ca
513 1181 607 1270 plane
642 1180 764 1248 inutilis
804 1191 872 1259 est,
905 1179 1057 1268 quoniam
1100 1202 1118 1248 a
1150 1180 1244 1246 verba
1279 1193 1366 1254 νσιῖν

236 1317 340 1386 aeque
375 1307 462 1364 secte
499 1297 676 1365 infinitivus
712 1317 786 1364 cum
818 1295 953 1364 articulo
989 1295 1109 1385 pendet
1139 1315 1177 1363 ac
1209 1295 1365 1362 substau-

236 1412 349 1480 tivum.

279 1527 331 1594 VS.
362 1531 442 1596 795:
470 1545 546 1616 νικᾷ
571 1527 600 1594 δ’
627 1533 764 1612 ἐναργὴς
790 1529 961 1615 βλεφάρων
985 1533 1092 1614 ἵμερος
1116 1529 1288 1614 εὐλέκτρου

465 1651 606 1730 νύμφας,
630 1653 695 1712 τῶν
718 1643 867 1727 μεγάλων
892 1644 1103 1727 πάρεδρος
1128 1649 1174 1712 ἐν
1197 1646 1349 1732 ἀρχαῖς

471 1765 612 1844 θεσμῶν.

282 1874 320 1940 Et
344 1881 485 1940 metrum
510 1882 542 1938 ct
566 1869 724 1938 sententia
749 1891 796 1937 vs.
823 1873 885 1938 796
912 1883 1105 1960 corruptum
1122 1892 1194 1940 csse
1211 1873 1364 1950 clantant;

236 2011 326 2068 naut,
361 2007 457 2076 quant
491 2007 596 2075 nuper
629 1986 667 2052 tt.
703 1986 839 2076 Seyffert
873 1985 948 2054 inde
971 1987 1147 2078 exsculpsit
1170 1987 1363 2054 sententiam

239 2105 453 2190 (desiderium
479 2103 603 2169 amaris
626 2102 794 2174 οσιιλονιιιιι
819 2110 990 2169 venustate
1007 2123 1178 2169 accensum
1193 2104 1313 2168 socium
1330 2123 1364 2168 se

237 2221 314 2308 [ecit
343 2217 493 2306 inspcrii,
523 2237 626 2304 penes
658 2217 745 2306 quod
773 2218 941 2284 maximae
965 2217 1049 2303 tenes
1071 2223 1167 2296 sttnt,
1192 2224 1294 2306 atque
1313 2217 1363 2282 ita

233 2336 311 2422 plats
346 2334 455 2401 anteiit
483 2353 586 2422 quum
610 2333 703 2420 ipsae
726 2333 789 2398 iac
813 2333 907 2420 tuaest
932 2351 969 2399 aa
994 2343 1063 2398 tuns
1086 2332 1119 2399 in
1143 2331 1272 2400 Graecis
1297 2351 1362 2398 non

236 2450 336 2530 inest,
362 2460 448 2528 tutu,
473 2447 500 2516 si
524 2447 662 2528 inesset,
688 2447 731 2514 ita
756 2447 888 2516 dentum
920 2459 993 2538 upta
1018 2449 1100 2515 taret
1124 2447 1311 2526 baiulans,
1336 2447 1362 2514 si

236 2564 357 2632 llaema
380 2563 472 2651 segni
496 2564 620 2652 paterni
647 2563 761 2631 suisset
785 2563 965 2652 particeps;
990 2564 1077 2652 quad
1101 2574 1213 2638 contra
1237 2573 1296 2630 cst.

281 2678 446 2746 Manifesta
459 2689 569 2746 autem
585 2677 707 2766 aliquid
724 2677 903 2767 requisitus
915 2677 948 2745 in
964 2679 1071 2746 huncc
1089 2699 1235 2746 sensum:
1261 2677 1360 2746 Paet-

236 2794 289 2860 iue
306 2793 506 2862 desideriunt
526 2796 604 2862 vicit
625 2794 807 2862 Haemonis
827 2796 1047 2862 obedientiam
1059 2795 1183 2883 lenibus
1192 2794 1362 2882 paternis,

131 2925 134 2932 ⁴
236 2928 334 2996 quam
359 2908 554 2976 sententiam
579 2921 672 2998 poeta
698 2929 854 2978 exornare
878 2910 984 2998 potuit
1008 2909 1198 2976 scribendo:

325 3040 401 3114 νικᾷ
426 3027 455 3091 δ’
481 3032 617 3113 ἐναργὴς
640 3027 810 3114 βλεφάρων
833 3031 939 3111 λ’μερος
963 3028 1135 3111 εὐλέκτρου

325 3147 451 3226 νιλμφας
477 3147 541 3210 τῶν
566 3142 712 3227 μεγάλων
738 3148 895 3228 πατρὸς
918 3145 1108 3226 ἀνάγκας

328 3265 467 3340 θεσμῶν.

235 3369 255 3436 i.
273 3389 301 3437 c.
326 3369 405 3436 vien
429 3377 539 3438 utitem
559 3369 602 3454 (in
627 3370 735 3439 animo
761 3371 948 3456 Haemonis)
964 3373 1175 3459 manifestum
1193 3374 1361 3440 nesciorum

234 3491 405 3552 uetustate
429 3505 599 3552 accensum
618 3485 819 3554 desideriam
832 3487 968 3574 φαείνοι
984 3487 1190 3554 necessitates
1204 3489 1360 3574 φνενοιίιοι

234 3599 415 3667 edictorum
436 3609 664 3688 autentorum.
699 3601 790 3668 Haud
813 3600 984 3668 invenuste
1006 3600 1196 3668 Plutarchus
1221 3601 1359 3692 Lycurg.

236 3713 389 3800 leleges
415 3713 539 3782 vacavit
564 3723 744 3804 ἐγγράφους
768 3721 926 3801 ἀνάγκας.
953 3715 1003 3784 Sic
1035 3717 1166 3784 demum
1190 3728 1278 3784 secte
1300 3718 1362 3786 illis

233 3827 479 3916 respondebunt
503 3829 535 3896 hi
557 3829 740 3918 anapaesti:

459 3957 517 4015 νῦν
543 3947 573 4016 δ’
596 3951 658 4035 ἠδη
684 3951 746 4031 ἐγὼ
772 3953 890 4025 καύτὸς
915 3958 1044 4033 θεσμῶν

458 4065 519 4140 ἔξω
542 4069 680 4148 φέρομαι
705 4063 792 4132 τάδ’
816 4069 935 4149 όρὼν,
963 4068 1065 4153 ἴσχειν
1091 4067 1119 4132 δ’

458 4177 563 4244 οὐκέτι
587 4185 694 4263 πηγὰς
719 4182 861 4264 δύναμαι·
887 4180 1045 4265 δακρύων,

458 4296 513 4358 τὸν
537 4297 722 4373 παγκοίταν
747 4294 808 4360 tta’
830 4299 906 4382 όρῶ
931 4295 1082 4379 θάλαμον

458 4406 548 4487 τήνδ’
575 4406 780 4494 Ἀντιγόνην
805 4413 1000 4478 ἀνύτουσαν.

234 4513 295 4579 nisi
320 4517 407 4602 quod
433 4517 610 4588 offensione
635 4543 698 4590 non
723 4533 834 4591 carent
855 4523 952 4590 cerba
978 4523 1058 4591 τάδ’
1078 4529 1186 4610 ὁρῶν,
1213 4542 1286 4590 mox
1308 4543 1359 4590 se-
