2990 5012
704 459 747 526 53

163 645 225 717 tica
252 651 505 737 φιλοποίσμονα.
554 649 790 720 Testimonium
822 651 921 722 dicito
946 650 1124 722 Scholiasta
1154 651 1293 721 Platonis

161 766 201 834 ad
233 765 346 855 Remp.
376 765 402 830 V
429 768 495 835 452
522 767 546 836 E
578 779 610 836 et
645 767 760 860 Cratyl.
793 772 859 838 406
898 769 953 837 ll:
987 771 1292 855 φιλοπαίσμων
1409 785 1411 788 ’

161 880 330 960 Ἀττικῶς
352 889 370 951 o'
396 884 636 970 φιλοπαίγμων.
752 893 756 902 ’

208 995 253 1064 lb.
278 995 343 1063 546
361 1017 452 1086 sqq.:
500 995 573 1086 κᾷτ’
597 1005 631 1066 ἐκ
655 1011 709 1085 τῆς
733 1011 862 1084 γνάθου

495 1119 560 1194 πόξ
585 1119 735 1196 πατάξας
759 1119 941 1205 μούξέκοψε

500 1237 593 1312 τούς
622 1239 767 1320 χορούς
795 1238 867 1313 τούς
892 1237 1081 1320 προσθίους.

160 1339 264 1409 Schol.
288 1342 375 1409 adh.
394 1343 412 1409 l.
430 1344 578 1412 adnotat:
597 1349 699 1415 Ἀντὶ
717 1356 772 1415 τοῦ
790 1355 894 1428 εἰπεῖν
914 1348 1052 1425 ὀδόντας
1068 1347 1137 1416 εἷπε
1160 1354 1283 1436 χορούς.

158 1465 315 1538 Διόνυσος
334 1472 395 1543 γάρ
420 1463 508 1528 ἐστιν
529 1467 627 1528 ότὼν
649 1469 753 1549 χορῶν
773 1471 973 1549 προστάτης,
993 1467 1028 1528 τό
1047 1464 1081 1530 δὲ
1099 1462 1176 1530 ὅλον
1197 1469 1285 1548 παρὰ

157 1559 408 1655 carantaniae.
434 1573 552 1641 Dentes
577 1573 640 1641 dici
665 1585 759 1664 χορόν
778 1587 809 1641 et
828 1575 991 1641 rationem
1012 1573 1110 1641 habet
1134 1584 1167 1641 et
1189 1573 1290 1663 scrip-

158 1695 264 1752 torum
289 1687 437 1775 quamvis
462 1669 624 1757 seriorum
647 1710 709 1756 usu
746 1689 966 1756 contirmatur.
1007 1687 1086 1757 Vide
1111 1689 1222 1757 llockii
1247 1690 1286 1758 ad

157 1796 188 1866 h.
213 1801 234 1867 Ι.
253 1813 373 1869 notam.
399 1803 529 1870 Ferrem
551 1824 683 1892 quoque
709 1808 752 1872 τὼ
771 1812 864 1893 popo,
886 1803 943 1870 sed
960 1804 1092 1870 eosdem
1110 1803 1173 1872 dici
1192 1825 1288 1892 posse

160 1923 271 2004 χορούς
295 1916 369 2004 quis
394 1918 529 1985 credat?
576 1918 634 1995 Et,
670 1929 705 1985 ut
736 1919 784 1984 vel
817 1917 879 1986 hoc
908 1917 1123 1997 concedatur,
1155 1917 1286 2006 quinam

156 2027 306 2096 dicantur
338 2031 428 2098 chori
455 2013 666 2112 'oratoriorea
704 2053 839 2121 prorsus
875 2032 1052 2100 obscurum
1090 2042 1148 2099 est.
1209 2031 1287 2098 Vide

156 2143 263 2231 igitur,
282 2167 322 2213 an
340 2145 548 2214 scribendum
566 2147 624 2214 sit:
650 2161 719 2218 τοῦ
738 2177 807 2236 χορ
819 2163 859 2218 ori
885 2156 958 2228 τούς
973 2155 1166 2234 προσθίους,
1187 2167 1284 2214 sensu

156 2260 326 2348 ambiguo,
353 2262 571 2329 choreatoene
593 2283 633 2328 an
660 2263 772 2329 alentes
799 2263 982 2329 anteriores
1006 2261 1238 2349 significentur.

201 2373 247 2440 lb.
274 2379 360 2443 1073
385 2396 448 2464 sq.:
679 2383 786 2445 καίτοι
812 2386 882 2445 τότε
909 2379 938 2459 γ’
965 2377 1050 2462 ἡνίκ’
1074 2381 1137 2460 ἐγώ
1164 2377 1238 2456 ’ζων

155 2493 212 2557 οὐκ
233 2491 406 2572 ἠπίσταντ’
423 2489 497 2558 ‹itl'
518 2504 537 2577 η“
551 2497 659 2577 μᾶζαν
687 2493 866 2558 καλέσαι
894 2499 948 2558 καὶ
968 2500 1148 2576 ῥυππαπαῖ
1170 2501 1283 2562 εἰπεῖν.

157 2601 215 2669 Pro
240 2610 469 2702 ΚΑΛΕΣᾼΙ
491 2606 603 2694 procul
627 2605 726 2672 dubio
752 2615 845 2693 poeta
878 2603 1053 2692 scripserat
1084 2612 1286 2676 ΚΑΠΣΑΙ

155 2715 174 2782 i,
199 2737 224 2783 e.
247 2727 364 2805 κάψαι.
399 2717 494 2785 Nihil
517 2720 629 2797 olittd,
648 2719 770 2806 inquit,
787 2720 932 2786 sciebant
950 2741 1049 2808 qaam
1072 2718 1173 2806 offam
1189 2721 1284 2788 cdere

154 2838 185 2897 et
211 2831 407 2920 rhpppapae
431 2835 588 2900 claruere.
614 2832 657 2900 af.
684 2833 767 2901 Ecel.
793 2837 857 2901 687
879 2845 911 2900 et
934 2833 1052 2901 Nicocl.
1077 2854 1126 2922 ap.
1151 2833 1223 2900 aar.
1246 2834 1280 2900 X.

154 2967 184 3034 p.
202 2948 265 3012 431
292 2967 319 3014 a.
345 2947 447 3036 Vulgo
465 2949 570 3016 locum
592 2949 637 3016 sic
663 2948 928 3037 interpretantur,
948 2947 1040 3035 quasi
1059 2948 1215 3036 scriptum
1241 2947 1280 3014 sit

154 3069 284 3145 αἰτῆσαι
309 3083 369 3150 p1'0
394 3067 540 3132 καλέσαι.

199 3174 476 3245 Cororomurrau
503 3201 547 3244 vs.
573 3183 614 3244 62
641 3198 732 3265 sqq.:

288 3293 408 3368 ἕποιθ’,
433 3294 530 3360 ὁπόθ’
552 3299 635 3378 ἀνὴρ
657 3298 709 3368 οἷς
733 3295 877 3376 οἰγορὰν
907 3296 1030 3379 οἴχοιτο
1054 3321 1125 3374 μοι,

286 3407 493 3494 ἀλειψαμένη
516 3415 549 3472 τό
575 3407 653 3490 σῶμ’
678 3409 754 3473 όλον
780 3404 825 3472 δι’
848 3408 966 3490 ἡμέρας

287 3527 482 3608 ἐχραινόμην
507 3529 629 3588 ἑστῶσα
656 3528 735 3605 πρός
759 3527 815 3588 τόν
841 3522 942 3604 ultor.

198 3632 310 3720 Neque
327 3639 506 3721 οἴχεσθαι
527 3633 603 3700 satis
621 3643 707 3699 recte
724 3631 842 3699 dicitur
857 3633 897 3699 tle
916 3643 979 3699 tam
998 3633 1087 3700 ltrcri
1108 3635 1277 3714 distantia,

153 3767 258 3834 neque
274 3747 486 3836 probabiliter
506 3747 641 3814 maritus
662 3746 796 3834 lingitur
812 3767 871 3835 per
888 3757 993 3814 totum
1010 3747 1096 3815 diem
1114 3749 1227 3818 abessa
1246 3752 1278 3819 in

153 3864 222 3928 l'oro
247 3862 290 3929 ita
307 3873 342 3929 ut
361 3862 451 3929 orori
475 3873 663 3929 nasceretur
683 3861 910 3949 opportunitas
934 3877 987 3931 roo
1010 3869 1204 3952 χραίνοοσαι
1231 3870 1278 3934 δι’

152 3980 302 4062 ἡμέρας.
338 3976 382 4042 Ne
407 3981 523 4044 multa:
543 3997 652 4042 rerum
673 3975 815 4043 videtur:
846 3987 880 4054 ἐς
907 3984 972 4046 τὸν
997 3981 1124 4064 ἀγρόν.
1153 3979 1278 4048 Articu-

151 4090 201 4157 lus
225 4111 379 4179 nequem
398 4101 559 4170 moretur,
586 4102 773 4179 ronrparato
795 4090 872 4157 milri
891 4092 995 4158 locum
1023 4091 1090 4158 Pae.
1114 4115 1158 4160 vs,
1181 4097 1277 4162 lala.

198 4205 243 4272 lb.
261 4208 344 4272 667:
364 4207 473 4294 Blepa.
494 4213 528 4275 τό
545 4211 579 4274 δὲ
594 4213 682 4294 βῆμα
696 4213 726 4274 τί
740 4234 788 4274 σοι
808 4217 958 4294 χρήσιμον
976 4211 1089 4283 ε”σται,·

587 4321 691 4387 Prttt'.
719 4327 792 4399 νοός
814 4337 974 4408 κρατῆρας
999 4347 1103 4390 κατα
1118 4336 1233 4407 θησαν.

152 4437 264 4503 Graeci
290 4437 448 4504 sermonis
473 4437 598 4504 indoles
631 4448 661 4504 ct
687 4434 843 4522 elegantia
874 4436 1107 4524 Aristophanea
1133 4439 1278 4507 certatim

151 4553 336 4642 postulaui,
365 4566 399 4622 ut
424 4554 586 4641 legamus:
617 4559 690 4631 τούς
715 4565 876 4638 κρατῆρας
901 4564 1187 4636 καταθεῖναι,
