2968 5014
624 399 664 462 75

85 575 228 663 siquidem
250 577 311 640 iste
334 573 421 638 locus
444 572 552 659 procul
578 573 674 637 (lubio
705 579 870 660 corruptus
888 577 944 638 est.
974 573 1074 648 Nam,
1101 578 1137 637 ut
1151 573 1211 637 alia

83 701 208 771 taceam,
243 689 397 776 quomodo
433 687 666 764 Mnesilochus,
703 689 794 753 cuius
829 687 905 752 haec
936 687 1028 752 verba
1058 693 1149 762 sunt,
1179 709 1212 752 se

82 809 179 893 ipsum
210 804 370 872 barbarum
401 825 509 869 vocare
540 803 659 890 potnit,
688 809 742 868 aut
766 804 922 890 appreeari
945 803 1004 868 sibi
1029 801 1120 868 aliive
1143 825 1211 888 per·

82 923 188 986 niciem
219 943 236 984 a
266 919 353 985 sole?
378 918 528 984 Nondum
551 916 590 982 ab
614 919 698 982 omni
722 925 809 1006 purte
831 918 960 1005 repudio
984 919 1211 994 coniecturam,

80 1058 167 1120 quae,
189 1036 311 1120 quoties
334 1033 417 1098 hunc
441 1033 544 1098 locum
568 1032 653 1121 lego,
676 1033 754 1098 mihi
778 1034 915 1100 venitin
937 1032 1211 1110 mentem‚inistis

78 1138 254 1236 πυρφόρος
274 1143 412 1234 αἰθέρος
432 1137 535 1234 ἀστήρ
560 1146 655 1212 latere
680 1137 895 1237 πυρφόρος
922 1139 1212 1236 ἀστεροπητής,

79 1263 193 1330 collatu
227 1263 298 1328 loco
331 1260 505 1349 Sophocleo
539 1265 675 1330 Philoct.
710 1266 817 1328 11982

283 1366 351 1442 οὐδ’
372 1373 402 1442 εἰ
421 1370 638 1467 πυρφόρος
659 1369 933 1464 ἀστεροπητής

282 1488 421 1574 βροντᾶς
439 1484 554 1573 αὐγαῖς
574 1482 608 1573 μ’
628 1479 692 1554 εἶσι
714 1485 889 1575 φλογίζων.

78 1603 180 1676 Quam
200 1604 301 1666 tumen
324 1601 533 1666 coniecturam
553 1623 664 1690 urgere
686 1579 775 1679 uolo,
798 1599 852 1666 sed
875 1597 935 1664 hoc
958 1621 1053 1664 unum
1073 1601 1211 1685 requiro,

78 1723 117 1782 nt
141 1737 180 1781 ne
203 1713 381 1780 istiusmodi
405 1713 483 1780 locis
506 1715 621 1801 aliquis
644 1715 730 1781 ebuli
754 1713 839 1780 velit.

121 1829 267 1915 Persequi
303 1835 406 1894 autem
439 1831 589 1906 Critian,
622 1837 656 1896 ut
687 1829 727 1894 ad
758 1829 878 1907 locum,
911 1829 949 1892 de
980 1849 1040 1913 quo
1073 1831 1209 1918 agimus,

75 1947 252 2020 redeamus,
277 1945 325 2009 his
351 1944 488 2010 versibus
505 1949 743 2012 Ausxsoouau
762 1945 949 2020 doctrinam,
966 1945 1136 2009 rectissime
1151 1946 1210 2010 ism

75 2062 130 2127 alii
167 2067 361 2125 monuerunt.
397 2060 491 2147 Diog.
523 2061 626 2127 Laert.
650 2063 701 2139 Π,
736 2065 756 2126 3
794 2061 812 2144 δ
846 2061 867 2126 8
904 2058 950 2124 ed.
991 2059 1082 2124 Ono:
1116 2050 1212 2133 οὗτος

75 2170 168 2260 ἔλεγε
181 2167 236 2239 τόν
251 2167 340 2260 ἥλιον
359 2164 509 2260 μύδρον
529 2165 610 2240 εἶναι
630 2167 823 2262 διάπυρον
842 2172 895 2239 καὶ
914 2171 1018 2256 μείζω
1031 2174 1089 2260 τῆς
1106 2173 1211 2238 Πελο-

74 2275 237 2372 ποννήσου
276 2282 340 2351 nt.
384 2286 527 2373 Xenoph.
564 2289 690 2354 Memor.
726 2289 793 2366 IV,
828 2291 845 2352 7
882 2289 900 2372 ρ
936 2292 971 2351 7:
1007 2275 1144 2372 φάσκων
1175 2284 1212 2350 δὲ

75 2400 199 2484 (nempe
230 2401 446 2489 Ακαυορυνοε)
472 2394 529 2467 τόν
558 2396 648 2490 ἥλιον
674 2401 791 2468 λίθον
822 2392 1019 2488 διάπυρον
1048 2389 1128 2463 εἶναι
1158 2396 1212 2462 καὶ

73 2502 165 2576 τοῦτ’
183 2503 297 2600 ἠγνόει,
318 2507 479 2588 ὅτιλόδος
493 2511 552 2595 μὲν
567 2511 600 2579 ἐν
619 2511 702 2602 πυρὶ
723 2499 1213 2594 contemnentesque&
1289 2575 1293 2586 ,

73 2619 192 2710 χρόνον
212 2621 351 2707 ἀντέχει,
374 2619 393 2691 ό
416 2615 446 2691 δ’
467 2617 558 2712 ἣλιος
578 2619 635 2691 τόν
653 2615 755 2690 πάντα
774 2616 891 2713 χρόνον
916 2614 1046 2690 πόντων
1066 2615 1212 2708 λαμπρά

71 2757 175 2811 τατος
196 2727 241 2800 τόν
260 2734 412 2818 διαμένει.
433 2737 471 2804 cf.
495 2739 574 2804 Luc.
596 2740 716 2804 Icsrom
736 2740 754 2824 ρ
772 2739 802 2806 7.
817 2737 905 2804 Hinc
918 2737 1050 2804 subnata
1062 2734 1211 2800 mihiism

71 2849 196 2934 aliquot
230 2848 343 2915 abhinc
370 2853 460 2917 annis
494 2853 547 2939 (cf.
579 2853 734 2920 dissertat
763 2875 862 2918 meam
896 2875 925 2940 p.
961 2853 1040 2938 181)
1075 2850 1213 2938 suspicio

69 2974 135 3042 est,
162 2964 304 3030 soritis
326 2965 400 3031 olim
427 2969 600 3055 prolectam
627 2991 694 3034 esse
720 2969 805 3036 hunc
826 2989 967 3034 ιειιιιιιιι

232 3069 312 3143 ὅθεν
330 3101 368 3144 τε
389 3075 543 3169 όαμπρός
562 3074 761 3172 διάπυρος
782 3082 903 3167 στείχει
922 3073 1057 3168 μόδρος.

118 3189 316 3258 Vocabulum
347 3198 449 3260 sutem
472 3185 636 3282 διάπυρος
657 3198 690 3261 in
715 3187 853 3283 άοτέρος
883 3195 968 3262 abire
989 3194 1128 3283 potuisse
1149 3214 1212 3258 uon

68 3305 257 3384 mirabitur,
278 3309 458 3395 quicunque
479 3313 669 3388 meminerit,
697 3334 759 3399 quo
782 3311 965 3401 compendio
989 3332 1126 3398 praepos.
1157 3299 1212 3375 διά

66 3423 166 3510 pingi
186 3421 285 3488 soleat
306 3425 340 3488 in
364 3423 454 3490 libris
471 3427 698 3514 manuscriptis.
722 3429 770 3494 Ol.
782 3429 923 3494 Bastium
937 3425 1212 3513 commpalseogr.

64 3536 136 3600 tab.
168 3535 214 3614 V,
243 3561 327 3604 num.
354 3544 403 3605 lu.
427 3541 537 3625 Neque
560 3547 662 3607 tamen
687 3543 820 3609 absurde
841 3541 1048 3608 scriberetur:

231 3643 313 3716 ὅθεν
333 3673 371 3717 τε
391 3646 544 3742 λαμπρός
566 3653 734 3743 αἰθέρος
754 3655 874 3739 στείχει
891 3646 1028 3742 μύδρος.

120 3763 177 3828 Vs.
201 3766 254 3842 38,
278 3769 320 3831 89
346 3789 434 3832 nemo
461 3791 521 3832 non
550 3771 687 3835 monitus
722 3769 860 3834 haerebit
894 3771 929 3833 in
965 3765 1097 3832 absurdo
1128 3763 1212 3852 pleo-

62 3899 199 3955 nasmo‚
224 3901 286 3964 quo
305 3880 448 3947 laborent
472 3883 562 3949 verba
583 3874 758 3969 κατῴκισεν
776 3876 833 3950 τόν
853 3872 980 3966 δαίμον’
1001 3877 1108 3946 οἰκεῖν.

119 3993 322 4060 Hsectamen
345 4019 393 4063 res
418 4021 479 4063 non
504 3997 639 4064 librariis
662 3998 741 4062 vitio
766 3996 911 4063 vertenda
934 3999 992 4073 est,
1013 3993 1066 4060 sed
1090 3993 1212 4059 criticis

59 4111 308 4176 recentioribus.
338 4114 389 4178 Ita
420 4116 502 4179 enim
533 4115 663 4200 pessime
688 4113 889 4200 interpolavit
911 4111 1047 4177 hiulcam
1068 4108 1209 4174 codicum

60 4223 277 4310 scripturum:
297 4220 364 4292 τόν
383 4226 553 4311 δαίμονα
573 4226 638 4292 καὶ
658 4225 692 4292 ἐν
711 4225 872 4315 πρόπαντι
892 4223 1003 4314 χωρίῳ
1027 4225 1106 4291 God.
1130 4223 1211 4290 Her·

61 4361 217 4405 mannus.
236 4341 337 4414 Quam
358 4341 416 4405 uiri
440 4341 682 4428 ingeniosissimi
700 4341 908 4407 coniecturam
929 4341 1108 4406 inconsulto
1128 4360 1211 4406 rece-
