2932 5004
782 312 844 374 120

217 497 385 586 repetitum
409 519 475 562 esse
498 519 516 562 e
539 495 742 586 sequentibus
766 495 781 562 ύ
805 497 836 562 δὲ
859 499 1003 568 Νασικᾶς
1027 497 1075 562 ἀεὶ
1100 497 1164 565 κτὲ.
1188 501 1314 566 monuit
1337 501 1400 566 iam

213 615 406 684 Dindorfius.

258 736 308 802 lb.
333 759 366 826 p.
394 741 459 804 154
482 760 526 803 νε.
553 741 596 804 7:
622 739 636 802 ὁ
659 737 766 803 τούτου
790 737 821 803 δὲ
844 738 906 811 υἱὸς
930 738 1106 818 πρεσβύτης
1131 734 1173 812 ἦν
1196 741 1252 816 την
1275 741 1398 816 ἠλικίαν

211 858 277 924 καὶ
300 857 441 940 Τιβέριον
463 856 604 940 Γρύκχον
627 895 673 908 -
696 858 868 924 ἀπέκτεινε.
916 857 1003 925 Haec
1020 859 1116 924 rerba
1133 861 1177 926 sie
1196 862 1312 952 scripta
1331 863 1399 926 sine

210 978 276 1044 risu
304 977 368 1067 legi
395 991 570 1068 nequeunt.
621 976 871 1068 Corrigendum:
904 977 1082 1059 πρεσβύτης
1112 981 1158 1046 ῶν
1188 982 1243 1056 την
1275 981 1397 1058 ἡλικίαν

213 1098 293 1186 [καὶ]
320 1099 462 1180 Τιβέριον
485 1099 627 1182 Γρύκχον
650 1136 696 1150 -
718 1102 890 1166 ἀπέκτεινε.
939 1100 1011 1166 Mor
1031 1124 1075 1168 νε.
1102 1105 1166 1170 11:
1191 1107 1244 1168 τοῦ
1265 1101 1298 1167 δὲ
1318 1103 1398 1178 πλη-

208 1221 272 1293 θους
299 1221 550 1299 ἀγανακτοῦντος
580 1220 632 1286 καὶ
661 1219 901 1300 τεθηριωμένον
932 1220 1004 1302 πρὸς
1028 1221 1099 1296 τοὺς
1127 1224 1178 1289 τθν
1206 1223 1298 1305 Φθνον
1327 1221 1397 1305 δρύ-

208 1364 336 1414 σαντας.
384 1340 458 1406 Νονι
486 1342 596 1430 ignoro
626 1341 708 1408 hene
741 1341 897 1407 Graecum
917 1365 984 1408 esse
1007 1342 1139 1408 verbum
1163 1343 1293 1433 simplex
1315 1345 1396 1424 θηρι·

206 1461 328 1538 οῦσθαις
360 1461 414 1527 sed
445 1461 518 1542 πρθς
549 1486 620 1528 τινα
651 1463 817 1543 θηριοῦσθαι
849 1461 912 1528 dici
935 1485 1024 1552 posse
1048 1486 1113 1528 non
1135 1463 1228 1529 facile
1252 1462 1394 1530 credam.

207 1579 369 1669 Requirot
411 1587 465 1648 τοῦ
499 1582 530 1647 δὲ
561 1583 693 1658 πλήθους
725 1585 976 1660 ἀγανακτοῦντος
1010 1583 1063 1648 καὶ
1099 1584 1397 1666 ῶποτεθηριονμένου

205 1702 278 1782 πρὸς
301 1701 370 1775 τοὺς
390 1703 456 1768 κτέ.
491 1701 573 1768 Satis
596 1701 811 1792 exemplorum
834 1701 956 1770 debunt
975 1702 1054 1768 heee
1071 1717 1233 1794 excerpta,
1258 1727 1397 1794 quorum

205 1843 306 1890 unum
329 1821 505 1888 adscribam
528 1845 565 1889 er
588 1821 682 1888 huius
706 1823 802 1912 ipsius
828 1821 901 1886 libri
924 1823 963 1890 fr.
990 1823 1128 1889 xxxvl
1151 1837 1253 1891 extr:
1279 1825 1333 1891 καὶ
1359 1826 1396 1890 τὸ

205 1943 319 2018 πλῆθος
354 1944 515 2015 παντελῶς
551 1942 750 2024 ιὀπεθηριύθη
786 1944 858 2024 πρὸς
891 1944 942 2008 τὸν
976 1953 1183 2024 Πτολεμαῖον.
1242 1944 1398 2012 Similiter

204 2063 361 2130 Graecum
384 2076 432 2128 est
455 2065 652 2144 σἰγριοῦσθαι,
677 2062 729 2128 sed
753 2064 992 2144 transcurram
1015 2065 1087 2145 πρθς
1111 2089 1198 2144 τινα,
1222 2077 1257 2130 ut
1276 2065 1398 2155 legitur

202 2207 232 2248 r.
267 2206 295 2249 c.
326 2183 403 2248 ibid.
434 2183 475 2248 Ir.
510 2182 590 2248 XII:
624 2179 670 2247 ὅτι
702 2184 957 2264 οἰπηνθιιιμένονν
988 2191 1046 2250 τῶν
1070 2187 1256 2252 ἀποστατῶν
1279 2185 1398 2252 δούλων

202 2303 274 2383 πρὸς
305 2299 378 2379 ύλην
408 2304 463 2378 την
486 2302 583 2368 οἰκίαν
610 2309 669 2368 τῶν
692 2303 854 2368 δεσποτῶν.
904 2305 988 2370 Loco
1013 2317 1119 2370 nostro
1138 2329 1184 2373 rs.
1210 2309 1250 2372 19
1271 2307 1396 2374 inserto

202 2423 335 2489 articulo
369 2423 513 2512 legatur:
551 2422 610 2496 καὶ,
638 2423 652 2486 ὅ
687 2423 792 2490 τούτου
826 2423 887 2497 υἱὸς
924 2423 965 2512 (θ)
998 2425 1082 2492 κοντοὶ
1112 2427 1164 2492 τὸν
1195 2426 1396 2508 ὑποκείμενον

203 2543 336 2610 ε’νιαυτῦν
360 2546 572 2620 τελευτήσας,
595 2543 815 2624 ύδυροδύκητος
837 2581 883 2592 -
907 2544 1070 2612 διετέλεσε.

247 2665 299 2732 Fr.
333 2664 446 2732 LXII:
480 2663 626 2745 Μικθψας
657 2659 728 2746 εἶχε
756 2663 808 2728 καὶ
833 2661 951 2738 ῶλλους
975 2666 1055 2739 υἱούς
1077 2667 1220 2745 πλείους,
1241 2665 1392 2746 μάλιστα

201 2786 232 2852 δὲ
248 2783 524 2866 προτετιμημένους
543 2782 705 2866 Ἀτοθρβαν
725 2785 776 2851 τὸν
797 2783 1096 2866 πρεσβύτερονπῶν
1117 2787 1232 2856 τοιοῦτον
1251 2788 1303 2854 καὶ
1322 2791 1393 2856 κτέ.

145 2975 150 2990 ,
201 2905 303 2972 Immo
328 2928 400 2971 rero
423 2905 474 2970 τὸν
499 2906 766 2986 πρετβύτοοτονθ

246 3025 387 3091 Foedum
418 3026 734 3116 interpretamentum
765 3049 783 3090 ο
813 3026 915 3115 primo
946 3027 1051 3092 statim
1079 3026 1199 3094 editore
1221 3029 1393 3119 expulsum

198 3147 358 3236 oportuit,
384 3146 468 3236 quod
491 3147 607 3236 legitur
629 3148 662 3212 in
685 3147 724 3212 fr.
751 3146 855 3212 Lxlv
881 3146 1084 3235 (XXXVII):
1112 3151 1129 3224 η
1153 3148 1184 3213 δὲ
1209 3149 1390 3228 σύγκλητος

198 3259 439 3350 μεγαλοψύχοις
462 3267 597 3352 φέρουσα
620 3269 675 3342 την
699 3269 861 3349 συμφορῶν
884 3266 927 3333 τύ
950 3293 986 3334 τε
1009 3271 1115 3336 πολλοὶ
1139 3269 1229 3344 πένθη
1254 3271 1307 3336 καὶ
1329 3274 1389 3349 τὴν

200 3391 371 3471 ὑπερβολὴν
411 3395 469 3454 τῶν
512 3389 676 3466 κλαυθμῶν
710 3387 760 3474 [τὸ
795 3387 887 3474 πολὺ]
928 3388 1134 3456 κατθστελλε.
1181 3389 1264 3456 Setis
1298 3393 1389 3460 emm

200 3495 404 3576 manifestum
436 3521 502 3586 est,
536 3507 689 3574 vocabula
711 3509 746 3574 τὸ
769 3508 849 3574 πολὺ
873 3508 949 3574 olim
972 3510 1199 3601 interpretandi
1221 3513 1321 3600 gratie
1347 3513 1391 3580 ed

199 3631 371 3712 ὑπερβολὴν
394 3629 550 3726 adscripta
573 3651 649 3696 esse.

245 3750 344 3818 Facili
363 3751 489 3839 negotio
505 3773 579 3816 vera
594 3749 688 3816 lectio
704 3751 827 3816 restitui
841 3752 956 3840 poterit
967 3752 1000 3815 in
1012 3751 1052 3816 fr.
1067 3751 1154 3818 LXV
1168 3751 1387 3844 (xxxvfl1);

199 3869 283 3944 οὗτος
313 3871 345 3937 δὲ
377 3869 521 3959 (Marius)
551 3870 624 3952 πρὸς
652 3871 721 3942 τοὺς
753 3871 783 3934 ἐν
813 3879 883 3944 ταῖς
907 3870 1032 3952 μύχοοις
1057 3871 1204 3946 κινδύνους
1228 3874 1388 3954 πολλάκις

198 3995 322 4070 ἡγεμὼν
358 3991 590 4072 ἐκπεμπόμενος
622 3991 676 4066 την
706 3991 763 4069 μὲν
795 3991 830 4056 θκ
855 3992 969 4058 τούτου
996 3993 1126 4070 ἀτιμίαν
1155 4004 1387 4075 προσεποιεῖτο,

197 4113 343 4192 ὁμοίως
377 4112 407 4178 δὲ
438 4111 531 4178 αὑτὸν
554 4115 597 4185 εἰς
621 4111 679 4184 τοὶς
704 4111 850 4186 τοιαύτας
873 4113 1067 4193 λειτουργίας
1091 4114 1238 4188 ἐπιδιδοὺς
1263 4119 1388 4194 πολλὴν

198 4232 359 4314 ἐμπειρίαν
391 4234 625 4313 περιεποιήσατο
656 4237 714 4298 τῶν
745 4238 918 4310 πολεμικῶν
949 4231 1055 4314 ἔργον.
1104 4233 1199 4300 Nulla
1229 4259 1309 4326 opus
1338 4256 1389 4312 est

198 4353 367 4442 sagacitate
396 4353 435 4418 ad
466 4351 658 4421 ridendum:
692 4349 794 4434 ὅμως
825 4353 856 4419 δὲ
888 4353 980 4420 αὑτὸν
1011 4355 1075 4420 κτὲ.
1100 4354 1294 4424 reddendum
1318 4383 1391 4428 esse

200 4472 346 4540 Diodoro.
