2932 5004
768 357 830 418 454

194 552 211 591 p.
220 537 249 578 ed.
258 535 282 577 11.
299 551 318 590 μ.
330 537 371 578 eod.
384 538 406 578 V.
441 552 468 578 ια
623 537 674 579 Lei-1.
689 549 725 578 τεο.
740 537 766 576 11.
1031 537 1077 578 Leoi
1091 549 1138 592 qun
1152 537 1209 578 lubet
1222 539 1264 578 ουό.

197 657 259 718 117
308 657 372 718 315
421 656 463 718 26
511 653 837 728 ὑπὸτοῦτλήόους
968 653 1248 728 ὑτότὸτλῆόος

198 779 261 841 148
332 797 352 838 »
422 778 465 839 30
511 775 715 854 ε’τετεόρατο
968 768 1010 846 ἧς
1035 774 1264 854 ἕτετεόραντο

219 920 240 958 ιι
310 897 374 960 316
447 899 461 960 1
511 894 585 976 πρὸς
608 901 665 959 τῶν
690 897 789 959 αὐτῶν
968 895 1038 974 πρὸς
1053 901 1111 959 τῶν
1123 897 1224 960 αὐτῶν
1246 897 1386 960 αὐτῶν

1002 1011 1072 1103 (sic)
1090 1015 1112 1080 l.
1135 1015 1235 1082 αὐτῶν
1253 1016 1384 1082 τούτων.

217 1161 237 1200 ιι
331 1161 352 1200 ιι
391 1217 395 1226 ἱ
425 1143 462 1202 11
514 1135 648 1212 λόγους
673 1136 763 1218 σφίσι
968 1134 1080 1213 λόγου
1104 1136 1194 1218 σφίσι

196 1263 260 1324 149
331 1282 352 1321 ιι
426 1261 467 1322 18
515 1259 651 1336 simoi
672 1255 944 1337 ἄρτιόδυρόμενοι
970 1255 1057 1335 ἡυεῖς
1089 1281 1149 1322 τοι
1179 1256 1247 1338 ἄρτι
1279 1258 1386 1340 ὀδυρό-

1019 1401 1137 1454 μεναι
1163 1376 1231 1465 (sic)

218 1525 239 1564 »
333 1525 353 1563 ιι
423 1503 465 1564 22
513 1497 670 1580 Κοριόλαις
970 1497 1128 1579 Κοριόλα..
1144 1498 1385 1588 (1.1(οριόλανος)

218 1645 238 1686 ιι
333 1645 353 1684 ιι
423 1623 463 1686 27
513 1617 564 1686 καὶ
588 1620 643 1694 τὴν
667 1619 779 1692 ε’σόῆτα
968 1620 1020 1684 καὶ
1044 1619 1099 1694 τήν
1124 1642 1166 1682 τε
1190 1621 1302 1696 ε’σόιῑτα

217 1768 237 1806 ιι
332 1767 351 1806 ιι
422 1745 464 1806 34
512 1743 699 1814 τηνικαῦτα
967 1744 1155 1814 τηλικαῦτα

217 1889 236 1928 ιι
434 1885 455 1924 ιι
512 1865 642 1926 τοιαῦτα
665 1859 872 1941 μετέδρασαν
967 1859 1099 1926 τοιαῦτα
1121 1885 1169 1938 με
1194 1859 1332 1941 ἔδρασαν

216 2011 237 2049 ιι
331 2008 351 2048 ιι
446 1987 465 2047 4
511 1981 786 2059 όταλλοιήσομαι
965 1982 1262 2060 ἀπαλλαγήσομαι

197 2110 259 2173 150
331 2127 351 2168 ιι
424 2107 465 2167 10
512 2102 771 2181 ἒαιιαντιόσονται
966 2101 1237 2182 ἕκααρτιότανται

216 2252 237 2290 ιι
331 2251 352 2290 ιι
425 2227 464 2288 12
511 2224 578 2288 αα)
606 2221 896 2304 τεριχαριζόμενον
966 2223 1117 2305 ααότερ
1139 2223 1342 2306 χαριζόμενον

196 2355 255 2414 151
331 2371 352 2410 ιι
422 2347 461 2408 21
511 2349 692 2426 φιλονικεῖν
968 2348 1173 2425 φιλονεικεῖν

216 2494 237 2533 ιι
331 2492 351 2530 ιι
421 2469 463 2531 23
509 2463 635 2538 αὐτοὺς
658 2466 751 2542 diva.
967 2465 1093 2538 αὑτοὺς
1117 2465 1209 2544 oiim.

195 2593 259 2656 152
307 2595 372 2655 318
444 2591 462 2651 4
508 2585 742 2668 Φιλονινιεόας
886 2663 889 2670 ⁴
963 2585 1191 2666 Φιλονειαόας

214 2737 236 2777 ιι
330 2733 351 2773 ιι
442 2711 462 2772 6
509 2709 567 2786 οὐχ
591 2704 782 2786 ἦμβλόνονσο
966 2707 1024 2786 οὐχ
1049 2701 1137 2772 ὅσον
1163 2709 1230 2774 οὖν
1253 2709 1377 2788 ἠμβλύ-

1010 2851 1091 2894 νοντο

215 2977 236 3017 ιι
330 2975 351 3013 ιι
444 2971 465 3012 ιι
511 2947 577 3012 ἐπὶ
601 2951 724 3024 μᾶλλον
967 2945 1023 3012 ἔτι
1047 2951 1170 3026 μᾶλλον

202 3097 265 3144 ,ιι-
332 3093 351 3133 ιι
425 3059 484 3140 11,
511 3068 547 3133 τό
558 3091 628 3133 τινα
640 3069 706 3141 σὺν
726 3067 825 3148 ἀρχὴν
837 3081 919 3146 λαμ·
968 3067 1044 3157 quid
1067 3069 1190 3158 legatur
1207 3093 1269 3136 non
1286 3073 1377 3160 potui

552 3186 659 3266 βαίνειν
986 3188 1158 3278 dispicere,
1187 3191 1240 3257 sed
1264 3189 1375 3258 vocula

992 3322 1064 3377 anto
1095 3313 1149 3387 τὴν
1173 3314 1287 3402 scripta
1311 3337 1378 3380 esse

985 3429 1126 3512 videtur,
1151 3433 1223 3498 fort.
1250 3433 1306 3508 δός.

216 3581 236 3620 ιι
330 3577 350 3618 ιι
424 3556 462 3617 17
510 3551 719 3628 ἀναγκαῖον,
744 3549 809 3614 καὶ
834 3553 921 3615 τοῦτο
964 3551 1058 3618 hodie
1077 3551 1226 3643 distingui
1249 3557 1373 3644 nequit.

987 3673 1129 3739 Fortasse
1145 3677 1295 3764 sciiptum
1308 3691 1377 3744 erat

979 3793 1269 3876 ἀναγκάζωνται,
1286 3803 1375 3864 τοῦτο

195 3924 257 3986 153
327 3941 347 3980 ιι
418 3918 460 3980 23
507 3912 590 3979 οἵτε
614 3937 661 3991 γε
685 3911 916 3994 στρατευόμενοι
963 3911 1121 3996 οἵτεγαρ
1140 3917 1375 3998 στρατευόμενοι

213 4065 233 4104 ιι
327 4061 348 4101 ιι
417 4038 460 4100 24
507 4057 590 4113 προσ
597 4040 751 4114 χαρῆσαι
790 4061 792 4066 ’
961 4057 1037 4116 τροσ
1044 4035 1250 4118 χαρίσασθαι

212 4185 233 4226 ιι
328 4180 349 4220 ιι
419 4158 461 4220 29
508 4153 699 4233 συνντέχόν
964 4155 1146 4237 συνηνέχθη

211 4306 232 4346 ιι
303 4281 367 4344 223
439 4281 459 4344 4
505 4270 571 4341 ὅσον
594 4269 658 4340 οὖν
682 4273 859 4349 ἐθελήσωσιν
962 4275 1060 4342 Recte
1094 4275 1155 4366 leg.
1189 4278 1233 4343 M.
1257 4278 1375 4347 Neces-

1007 4399 1139 4461 sarium:
1164 4393 1231 4465 όσον
1254 4399 1300 4466 ὃιν
1325 4405 1350 4469 ε’.

192 4521 254 4580 154
324 4543 344 4582 ιι
417 4522 454 4584 17
509 4514 665 4596 ὑπέόῖἧς
964 4518 1214 4600 §nimmia

192 4637 254 4698 155
326 4660 345 4696 »
416 4643 461 4704 31·
504 4637 560 4720 ὑφ’
585 4631 630 4700 ὧν
654 4645 794 4716 Ῥωμαῖοι
961 4640 1017 4724 ὑφ’
1043 4636 1165 4708 ἄνκαὶ
1186 4644 1376 4724 αι’Ῥυμαῒοι
