2990 5012
667 503 710 570 29

304 688 368 769 ἐγὼ
394 691 612 775 κεχόρτασμαι
636 691 710 773 μὲν,
736 688 870 776 ἄνδρες,
896 689 933 754 οὐ
958 693 1079 771 κακῶς,

305 801 377 868 ἀλλ’
404 805 467 886 εἶμί
491 801 676 889 πλήρης,
701 804 782 868 ὥστε
808 807 863 868 καὶ
887 802 980 886 μόλις
1003 809 1093 870 πάνυ

304 917 516 1001 ὑπεδησάμην
539 919 676 982 ἅπαντα
700 917 787 1002 δρῶν
812 921 870 992 τός
894 916 1051 1004 ἐμβάδας.

172 1028 221 1096 cf.
244 1031 330 1098 idem
357 1027 537 1118 Cercopum
560 1031 598 1098 f.
621 1031 655 1096 Π
680 1030 726 1120 (p.
750 1033 842 1122 230).
866 1031 918 1098 Ad
943 1030 1149 1116 διαρραγήτω
1166 1052 1249 1099 oom-

126 1165 204 1229 psra
226 1144 424 1212 Alexidis
452 1143 600 1213 Tooo'stoe
621 1145 659 1211 fr.
684 1145 718 1211 II
743 1144 788 1233 (p.
812 1144 904 1235 489).

171 1371 249 1455 Peg.
273 1369 349 1438 355.
373 1372 526 1438 Eiusdem
549 1372 642 1438 Feb.
666 1372 747 1438 Ino.
770 1371 808 1437 fr.
831 1371 895 1438 VI:

345 1491 404 1566 τὴν
429 1489 620 1570 Ἓκτόρειον
645 1489 719 1565 τὴν
745 1486 898 1570 ἐφίμερον
924 1488 1039 1570 κόμην.

124 1606 291 1685 suspectus
313 1601 394 1666 altor
415 1599 582 1684 articulum
606 1599 657 1666 oui
677 1599 914 1666 substituendus
933 1598 1059 1667 videtur
1076 1619 1250 1686 pronomen

124 1711 408 1780 demonstrativum
428 1713 532 1793 τήνδ’.
555 1713 719 1798 Similiter,
736 1712 845 1779 addito
863 1733 927 1780 una
944 1713 1049 1797 litera,
1070 1715 1133 1782 levi
1145 1735 1249 1781 errore

122 1826 252 1893 liberari
274 1834 380 1913 potest
402 1827 440 1894 fr.
466 1829 483 1893 1
510 1826 556 1916 (p.
580 1827 672 1917 353).

171 1939 226 2006 Vs,
251 1942 282 2005 2.
550 1943 595 2015 εἷς
620 1932 677 2006 οὖν
700 1943 829 2006 ἄκακον
853 1939 1036 2025 ἀνθρώπου
1060 1943 1181 2024 τρόπον

326 2053 431 2129 ιῖσδός
455 2053 593 2129 ἕκαστος
617 2055 760 2119 ἐσθίει
785 2060 1047 2136 καθήμενος.

124 2167 181 2235 ubi
203 2168 361 2246 sententia
382 2170 523 2254 postulat
546 2165 688 2234 ἐσθίει
713 2174 1016 2252 ’μκαθήμενος

169 2395 248 2479 Peg.
272 2397 347 2462 366.
372 2397 585 2482 Epicratis
607 2396 924 2496 ΑΝΤΙΛΑΙΔΟΣ
946 2398 984 2462 fr.
1008 2399 1052 2462 H.
1078 2398 1136 2463 15:

216 2511 299 2594 αὕτη
324 2509 442 2600 (Λαίς)
467 2513 528 2595 γὰρ
552 2513 645 2574 ὁπότ’
668 2505 708 2592 ἦν
732 2514 791 2592 μὲν
817 2512 947 2586 νεοττός
972 2512 1043 2574 καί
1068 2509 1157 2588 νέα,

212 2625 275 2688 ὑπό
301 2628 366 2689 τῶν
392 2631 560 2708 στατήρων
586 2619 625 2705 ἦν
650 2623 897 2710 ἀπηγριωμένη,

216 2732 299 2814 εἶδες
323 2738 354 2802 δ’
377 2742 420 2804 ἂν
445 2738 546 2820 αὐτῆς
571 2740 793 2826 Φαρνάβαζον
818 2745 945 2805 θᾶττον
969 2743 1025 2804 ἄν.

170 2852 332 2920 voeabula
354 2855 409 2917 καί
436 2853 496 2919 νέα
520 2875 561 2921 ex
579 2855 859 2941 interpretamento
877 2854 1008 2921 fluxisse
1027 2852 1176 2920 videntur
1193 2873 1247 2920 vo-

123 2967 171 3032 eis
204 2966 423 3052 praecedentis
458 2973 600 3047 νεοττός,
637 2975 804 3035 contextus
834 2968 918 3034 enirn
948 2967 1088 3053 postulat
1117 2969 1248 3041 νεοττὸς

126 3082 183 3144 καὶ
209 3079 327 3161 καλή.
350 3081 452 3147 Priori
475 3083 628 3149 vocabulo
650 3081 684 3147 in
707 3102 775 3166 sqq.
800 3082 968 3167 opponitur
989 3101 1036 3148 rs.
1062 3081 1122 3146 18:

260 3195 330 3259 ἐπεί
356 3193 391 3259 δὲ
417 3192 550 3280 δόλιχον
575 3201 643 3270 τοῖς
668 3193 775 3260 ἔτεσιν
798 3193 861 3278 ἤδη
885 3193 1004 3280 τρέχει,

123 3309 290 3395 posteriori
317 3329 364 3375 vs.
390 3309 448 3374 19:

280 3423 338 3497 τός
363 3421 390 3485 δ’
415 3423 575 3508 ἁρμονίας
600 3447 634 3487 τε
659 3421 803 3508 διαχαλᾷ
828 3424 884 3487 τοῦ
910 3425 1071 3504 σώματος,

124 3535 391 3621 quemadmodum
414 3558 460 3604 vs.
487 3539 526 3603 17
551 3537 720 3624 respondet
742 3558 789 3604 vs.
813 3539 874 3604 20:

327 3648 409 3716 ι’διῖν
432 3653 492 3732 μὲν
518 3650 621 3732 αὐτὴν
647 3653 726 3734 ῥᾷόν
751 3653 840 3716 ἐστιν
864 3655 886 3732 ἤ
907 3655 1039 3715 πτιίσαι·

124 3785 200 3831 narn
229 3765 273 3830 itu
303 3765 475 3849 legendum
505 3787 561 3851 pro
594 3767 649 3829 καὶ
682 3767 789 3832 monui
812 3766 846 3830 in
869 3763 1097 3844 Dissertationo
1111 3763 1246 3830 -Aonde-

126 3879 209 3946 nrioa
230 3902 261 3966 p.
286 3880 338 3945 66.

170 4105 248 4190 Peg.
272 4107 347 4172 370.
371 4105 524 4173 Eiusdem
545 4107 636 4172 Fau.
660 4107 740 4173 Ino.
764 4106 801 4171 fr.
825 4105 859 4172 I:

123 4241 172 4288 VS.
199 4221 237 4286 11
262 4240 342 4304 sqq:
434 4222 468 4286 ἓν
494 4221 686 4304 γυμνασίοις
711 4217 942 4302 Ἀκαδημείας
