2968 5014
594 404 633 466 97

108 567 155 631 Vs.
178 569 258 632 364:
786 568 878 648 ὅπως
898 567 937 641 iia

258 669 340 767 μήτε
359 675 426 769 πρὸ
446 686 562 774 καιροῦ
580 677 664 774 μήθ’
684 676 769 774 ὑπὲρ
792 677 946 774 ἄστρων

258 789 357 874 βέλος
376 789 504 882 ἠλίθιον
523 788 686 884 σκήψειεν.

105 907 184 971 Num
208 905 289 970 forte
309 897 394 994 ὑπὲρ
416 897 530 973 αἶσαν
550 907 625 975 ecel

106 1021 157 1086 Vs.
170 1019 365 1086 δδῚεδιπλᾶ
380 1010 409 1087 δ’
429 1015 538 1088 ἔτισαν
557 1020 742 1109 Πριαμίδαι
762 1012 942 1108 θάμάρτια.
963 1024 1065 1088 Immo
1076 1019 1187 1107 διπλῃ.

104 1135 158 1200 Vs.
173 1138 255 1200 520:
286 1131 324 1197 εἲ
346 1154 424 1198 που
454 1121 574 1213 πάλαι,
614 1133 784 1221 φαιδροῖσι
813 1128 931 1202 τοισίδ’
952 1126 1078 1219 ὄμμασι

282 1243 427 1324 δέξασθε
446 1235 580 1328 κόσμῳ
601 1243 741 1327 βασιλέα
762 1246 877 1331 πολλῷ
896 1238 1014 1334 χρόνῳ.

103 1363 148 1429 Ut
158 1361 231 1426 olim
243 1360 403 1435 Pauvvius,
426 1380 616 1444 egoquoque
628 1357 738 1424 haereo
754 1361 786 1424 in
809 1351 908 1444 νόσμ
915 1385 952 1447 φ,
970 1360 1054 1447 quod
1072 1361 1189 1426 frustra

63 1478 233 1546 defenditur
264 1475 303 1540 cl.
336 1475 419 1540 Pers.
451 1477 515 1538 406
538 1468 646 1562 ἡγεῖτο
668 1465 790 1558 κόσμῳ,
811 1477 867 1561 qui
890 1475 978 1542 locus
1001 1497 1071 1542 cum
1094 1473 1191 1540 hocce

61 1615 223 1661 commune
245 1591 356 1656 babeat
382 1589 471 1654 nihil.
496 1589 565 1654 Nec
585 1595 685 1654 tamen
710 1591 806 1676 probo
828 1592 948 1656 Pauvii
979 1593 1191 1658 coniecturam

61 1701 143 1792 νόςῳ
164 1706 380 1794 proponentis3
403 1725 474 1770 nam
495 1694 580 1789 νόςῳ
602 1702 762 1788 δέχεσθαί
783 1729 853 1772 τινα
873 1707 925 1772 vix
949 1707 1102 1772 Graecum
1127 1727 1193 1772 esse

61 1823 202 1888 arbitror.
229 1821 334 1908 Magis
355 1818 430 1884 mibi
453 1817 603 1905 placeret:
624 1809 762 1898 δέξασθ’
781 1817 949 1900 ἑτοίμως
968 1823 990 1886 i.
1013 1843 1037 1886 e.
1063 1823 1193 1886 libenter

61 1937 105 2004 vel
119 1935 278 2018 ἑτοῖμοι
298 1936 330 2014 β,
352 1957 389 1999 π.
411 1961 441 2018 χ.
461 1934 523 1999 Pro
546 1933 584 1997 ar
601 1953 694 2012 που,
717 1932 800 2017 quod
813 1932 993 2002 chtanleii
1012 1937 1193 2002 coniectura

61 2057 216 2138 receptum
240 2054 287 2113 est
309 2070 364 2134 pro
387 2039 504 2140 ἦπου,
531 2047 636 2112 nescio
660 2069 698 2110 an
729 2069 790 2112 non
823 2048 934 2116 melius
965 2057 1134 2139 reponatur
1154 2051 1196 2117 οἵ

60 2188 174 2244 ποτε,
198 2163 281 2249 quod
309 2169 392 2228 certe
418 2164 451 2228 in
479 2161 622 2249 precibus
644 2167 692 2226 est
714 2161 871 2229 usitatius.
891 2166 1039 2252 Sequitur
1059 2172 1124 2232 522
1141 2187 1193 2251 sq:

264 2269 335 2364 ἥκει
353 2270 415 2366 peip
437 2269 511 2359 ὑμῖν
531 2275 607 2365 φῶς
627 2271 659 2342 ἐν
681 2267 825 2365 εὐφρόνῃ
846 2275 959 2366 φέρων

266 2387 321 2454 καὶ
341 2379 445 2456 τοῖσδ’
466 2382 574 2454 ἅπασι
592 2381 696 2454 κοινὸν
716 2378 921 2473 Ἀγαμέμνων
943 2381 1032 2471 ἅναξ.

104 2501 268 2568 Vocabula
289 2491 492 2587 Ἀγαμέμνων
511 2492 591 2578 ἅναξ
611 2503 658 2568 ita
676 2507 749 2566 runt
774 2523 1015 2590 supervacanee,
1044 2509 1081 2569 ut
1104 2502 1196 2570 dubi·

57 2625 140 2696 tem,
163 2640 201 2682 an
226 2618 269 2683 ait
291 2615 344 2682 hic
366 2638 410 2682 vs.
431 2617 597 2704 genuinus.
689 2687 690 2690 Ἴ

103 2733 166 2799 Vs„
188 2737 272 2798 822:
358 2727 497 2819 ἐπείπερ
519 2727 584 2795 καὶ
607 2719 735 2816 πάγας
754 2721 963 2819 ὖπερκδποιις

280 2833 541 2932 ἐπραξάμεσθα,
559 2838 612 2905 καὶ
634 2835 782 2927 γυναικός
804 2835 919 2910 οὕνεκα

282 2946 378 3022 πόλιν
397 2943 597 3042 διημάθυνεν
617 2943 761 3039 Ἀργεῖον
782 2945 892 3030 δάκος.

101 3069 216 3156 Vulgo
239 3067 386 3156 probatur
420 3065 614 3132 scholiastae
639 3066 871 3153 interpretatio,
896 3090 934 3132 ex
957 3091 1018 3154 qua
1045 3067 1198 3135 alluditur

51 3185 91 3250 ad
115 3183 335 3272 proverbium:
361 3178 530 3266 ἐνσχεθεὶς
549 3181 622 3254 ταῖς
643 3169 764 3264 πάγαις
794 3171 834 3256 ἃς
854 3171 966 3256 ἄλλοις
984 3174 1090 3271 ὕφηνα
1110 3185 1198 3266 (τις).

52 3300 143 3366 Vide
169 3298 282 3364 Blomi.
308 3299 355 3364 ad.
379 3297 408 3362 h.
431 3295 451 3361 l.
475 3295 586 3361 Fateor
608 3299 709 3357 tamen
734 3315 782 3358 me
804 3295 983 3380 neutiquam
1007 3295 1197 3384 intelligere,

48 3415 134 3503 quid
170 3415 211 3480 sit
245 3403 353 3497 πάγας
375 3400 584 3498 πράττεσθαι
618 3428 728 3491 easque
749 3395 967 3496 ὖιιεριιόιιοος.
1002 3410 1053 3476 Ne
1087 3410 1199 3477 multa:

45 3533 206 3621 auspicor
229 3527 354 3594 subesse
370 3524 514 3590 mendum
537 3529 763 3609 pervetustum,
788 3526 820 3586 et
842 3520 917 3587 olim
940 3521 1059 3591 lectum
1084 3528 1200 3593 fuisse:

426 3633 564 3726 ἐπείπερ
585 3627 768 3725 ἁρπαγὰς
786 3625 995 3723 incontinens

328 3739 570 3838 ἐπραξᾶμεσθα

43 3872 63 3936 i.
82 3893 111 3937 e.
137 3865 391 3956 quondoquidem
415 3863 688 3926 insolentissimam
711 3867 834 3944 raptum
858 3859 1008 3946 (Helenae
1031 3863 1113 3951 scil.)
1138 3866 1203 3930 ulai

41 4007 179 4051 ιναιιιι.
212 3981 294 4046 Nam
320 3978 566 4063 breviloquentia
588 3975 719 4064 quadam
751 3976 868 4042 Graece
897 3978 1015 4044 dicitur
1037 3968 1202 4064 πράττειν,

39 4088 257 4188 effaetam
275 4105 307 4159 et
328 4083 572 4180 ἐκαράττοσδαι
593 4080 695 4180 φόνον
716 4111 772 4176 pro
795 4082 883 4180 δικήν
903 4081 1019 4180 φόνου.
1053 4092 1102 4158 Gi.
1126 4115 1153 4158 v.
1177 4116 1205 4158 c.

40 4215 200 4278 Flumen.
220 4231 265 4274 vs.
303 4211 378 4272 624.
402 4205 519 4271 Nescio
541 4211 658 4283 tamen,
686 4227 724 4268 an
748 4192 958 4293 πράττεσθαι
976 4206 1082 4272 eodem
1111 4229 1204 4274 sensu

36 4327 267 4402 adhibentem
313 4345 407 4407 quare
444 4322 575 4386 sortasse
613 4325 762 4406 praestat:
804 4309 955 4403 αρπαγάς
996 4310 1205 4408 inoperimus

1039 4450 1053 4502 'l
