2946 5014
657 351 720 416 205

145 537 219 632 Peg.
252 539 333 620 Βέθ,
366 541 404 606 fr.
433 544 469 605 41
499 563 541 605 vs.
572 548 608 606 l:
636 543 749 614 οὐδενὸς
774 541 854 608 οὐδέν
878 543 979 626 σαφές
1004 541 1018 607 έ
1025 567 1116 626 χειν
1139 542 1278 624 λέγον·

101 688 183 741 τις,
219 659 281 729 ίθεν
316 665 346 726 τ’
380 661 463 735 ὄντες
499 664 523 728 οί
559 659 665 728 Οίννοι
695 699 739 712 -
770 662 949 743 ἐπέδραμον.
996 663 1165 732 Neminem
1199 666 1276 732 dum

101 783 299 850 emendasse:
349 783 463 855 οὐδενὸς
506 782 588 848 οὐδέν
629 784 730 866 σαφές
767 783 905 862 λέγειν
940 783 1123 864 έχοντοςί
1184 789 1280 873 Quasi

103 906 257 971 Graecum
293 907 352 972 sit:
390 906 457 970 οὐκ
492 903 587 986 ἔχω,
623 901 686 970 ὅθεν
720 905 795 970 είσίν
829 907 856 970 ti
889 901 1013 970 Οὖννοιί
1041 906 1133 971 'Non
1157 909 1280 973 saniora

101 1049 164 1092 esse
196 1025 331 1092 arbitror
356 1045 437 1114 quae
460 1038 636 1114 sequuntur
659 1027 702 1090 sic
726 1027 860 1114 scripta:
886 1029 925 1098 ὡς
949 1026 987 1092 θον
1011 1029 1055 1104 μὴ
1078 1033 1131 1093 τοῦ
1154 1030 1280 1094 πιθανοῦ

100 1149 153 1222 τέρν
183 1149 312 1230 γραφὴν
342 1148 598 1229 σἰπαρτιέσαιριεν,
629 1147 705 1224 μηδὲ
730 1147 936 1230 παραφέροιτο
960 1147 1032 1228 πρὸς
1056 1149 1111 1224 τὴν
1134 1149 1280 1224 οίλιίθειαν

100 1270 113 1333 ὁ
137 1267 240 1346 λόγος.
290 1267 373 1352 Quid
396 1269 480 1333 enim
500 1269 539 1332 sit
557 1268 790 1350 παραφέρεσθαι
814 1267 886 1348 τρίς
910 1292 960 1346 τι,
984 1291 1048 1334 non
1072 1267 1163 1335 facile
1187 1291 1280 1358 erpe-

99 1389 183 1467 dien,
207 1411 269 1454 nec
288 1401 436 1466 noverat,
459 1387 571 1466 oredo,
596 1390 661 1478 ipse
681 1389 864 1479 Eunomus,
890 1411 985 1478 quem
1008 1391 1163 1479 scripsisse
1188 1411 1278 1455 reor:

99 1509 177 1588 μηδὲ
206 1509 413 1592 παραφέροιτο
443 1518 512 1584 τῆς
544 1511 617 1590 πρὸς
649 1512 704 1585 τὴν
732 1512 878 1586 οίλιὶθειαν
908 1510 923 1574 ί
954 1509 1067 1588 λόγος,
1097 1513 1119 1575 i.
1145 1533 1174 1576 e.
1200 1531 1282 1574 neue

99 1631 284 1696 aberraret
307 1634 422 1694 oratio
446 1629 488 1695 de
511 1634 588 1709 via,
614 1653 702 1718 quae
726 1629 824 1696 ducit
847 1629 898 1694 ad
918 1635 1113 1696 ceritatem.

145 1749 219 1839 Peg.
254 1753 336 1828 33⁸,
368 1750 408 1818 ir.
443 1753 485 1814 44
514 1750 678 1839 suppleas:
704 1748 750 1816 θτι
773 1750 951 1832 Μαρκιανὸς
975 1752 1048 1832 ἀνὴρ
1073 1747 1133 1840 (ἦν)
1158 1751 1189 1826 ἐς
1212 1752 1281 1832 θρε-

101 1872 157 1946 τίιν
180 1905 223 1920 -
247 1869 460 1951 ᾖκριβωροένος.

145 1991 220 2081 Peg.
256 1987 340 2064 33θ,
371 1991 411 2056 fr.
445 1995 485 2056 45
515 2015 559 2056 rs.
594 1995 655 2056 17:
695 1993 762 2056 Οὐκ
797 1989 832 2067 ἦν
856 1991 886 2056 δέ
909 1989 1089 2071 βασανίζειν
1113 1990 1213 2063 ίποῖθς
1235 2015 1283 2065 τις

99 2083 116 2178 θ
147 2113 248 2190 δεῖνα,
275 2111 364 2177 οίλλθι
385 2114 573 2177 Μουσώνιον
595 2111 687 2194 φίλον
711 2111 890 2178 ακούσαντα
913 2107 959 2176 ίτι
983 2112 1079 2184 καλὸς
1101 2107 1135 2186 ἦν
1158 2111 1278 2178 είδέυαι.

100 2232 205 2322 Lege:
232 2231 320 2298 οίλλθι
343 2231 539 2298 Μουσωνίου
561 2232 654 2315 φίλου
675 2231 870 2310 οίκοιίσαντα,
894 2227 939 2298 θ’τι
964 2221 1091 2305 ααλὸς
1115 2232 1283 2310 κάγαθὸς

100 2350 135 2427 ἦν
165 2351 285 2420 εἰδέναι.
333 2351 416 2418 Nam
446 2366 513 2419 erat
544 2353 725 2440 Musonius,
750 2367 785 2419 ut
808 2367 855 2420 est
878 2355 911 2418 in
935 2351 1166 2443 superioribus,
1190 2353 1284 2437 φιλί-

99 2489 195 2548 ιιαλος
225 2473 278 2540 καί
310 2472 498 2556 φιλοίγαθος.
547 2474 618 2540 Μοι
650 2476 683 2540 in
710 2497 782 2564 pag.
808 2473 907 2540 ferme
929 2473 1033 2540 media
1057 2474 1210 2563 corrigas:
1238 2471 1284 2539 ίτι

97 2597 136 2661 τὸ
158 2597 192 2660 εί
200 2619 216 2669 ς
242 2595 313 2684 (pro
336 2594 400 2682 έπί)
424 2597 595 2660 Μουσώνιον
618 2595 808 2675 ἐπίγραμμα
835 2594 898 2658 κτέ.

146 2714 258 2781 Obiter
293 2715 464 2804 attingam,
499 2717 572 2805 quia
595 2716 660 2780 hue
683 2715 778 2794 facit,
805 2714 942 2803 Eunapii
964 2713 1177 2803 fragmentum
1201 2715 1285 2803 opud

99 2834 232 2902 Suidam
247 2835 359 2901 innoc.
372 2837 544 2908 Μουσώνιος
555 2884 564 2913 ,
576 2833 632 2900 ubi
643 2835 758 2901 haereo
770 2836 804 2900 in
817 2833 989 2901 vocabulis:
1006 2839 1142 2908 κάκεῖνος
1155 2833 1285 2902 ἅπαντα

99 2959 192 3022 έπιίον
213 2957 244 3021 έν
267 2955 390 3033 ίλίραις
414 2955 559 3036 ἡμέραις,
580 2957 634 3030 τθρν
656 2955 872 3023 θοίλοισσαν
896 2958 1052 3038 ἐπλήρωσε
1075 2959 1134 3022 τῶν
1146 2958 1209 3024 οίπὸ
1230 2964 1285 3031 τῆς

99 3076 211 3149 Ἀσίας
247 3077 403 3159 εἰσφορῶν.
452 3076 486 3142 si
519 3076 580 3142 hoo
602 3077 725 3142 fecisset
749 3077 931 3156 Musonius,
958 3078 1048 3144 cuias
1072 3075 1180 3142 laudat
1203 3078 1225 3143 l.
1250 3099 1283 3142 n.

102 3197 265 3287 Enncpius
297 3198 351 3272 τέιν
381 3207 437 3272 τῆς
460 3198 584 3276 ρυοίρινς
607 3198 791 3277 βαθθτντα,
816 3199 958 3263 omnium
982 3198 1162 3264 mortalium
1185 3199 1286 3264 insul·

102 3319 238 3382 sissimus
261 3316 356 3382 simul
378 3328 410 3382 et
430 3316 740 3398 θαυματουρρθτατος
759 3319 854 3386 fuisse
873 3318 951 3386 mihi
971 3318 1149 3398 rideretur,
1170 3319 1287 3408 quippe

103 3438 159 3524 qui
183 3436 275 3503 Asiae
297 3435 416 3502 tributa
439 3439 549 3503 iecerit
572 3439 604 3502 iu
629 3462 735 3517 mare,
760 3440 861 3528 iisque
888 3439 1045 3527 (mirabile
1062 3438 1150 3504 dictu
1158 3438 1180 3528 t)
1201 3461 1288 3504 mare

14 3595 15 3600 κ
104 3557 289 3648 impleverit.
340 3558 380 3623 Et
403 3557 453 3624 rel
476 3560 509 3623 in
533 3559 697 3648 Eunapio,
722 3561 864 3648 quamvis
885 3573 920 3625 ut
943 3583 1052 3626 rerum
1071 3561 1171 3626 fatear
1190 3561 1288 3648 scrip-

103 3690 169 3744 tore
204 3679 277 3744 satis
312 3679 442 3768 inepto,
479 3680 528 3745 rix
558 3679 688 3745 ferenda
718 3681 873 3762 ὑπερβολῇ
903 3679 982 3745 haec
1013 3701 1050 3746 eo
1082 3701 1175 3746 sensu
1205 3677 1289 3745 dictu

104 3821 167 3864 esse
192 3798 419 3890 suspicaberis,
450 3813 486 3864 ut
510 3799 671 3866 Musonius
695 3812 841 3866 narretur
851 3799 953 3866 multa
964 3801 1088 3889 navigio
1100 3799 1148 3866 his
1160 3799 1285 3866 tributis

105 3941 257 3986 onerasse.
308 3920 357 3986 bn
378 3921 458 3986 forte
482 3922 650 4011 scripserat
673 3922 728 3995 τέιν
751 3918 837 4002 νοίζ
845 3945 891 3986 αν
915 3923 1096 4002 έπλιίρωσεί

149 4040 223 4130 Peg.
248 4039 331 4119 33¹³,
362 4065 407 4106 vs.
436 4045 496 4107 18:
523 4040 569 4108 ὅτι
592 4045 864 4124 συνηρτῆσθαι
888 4046 942 4108 τοῦ
965 4042 1101 4122 πολέμου
1123 4044 1286 4118 δοκοῦντος.

105 4161 309 4250 Legendum:
349 4165 581 4242 συννρτῦσθαι;
616 4164 676 4228 nisi
707 4165 803 4246 maris
836 4161 875 4228 εὖ
908 4165 1084 4242 ἦρτῦσθαι,
1118 4164 1201 4254 quod
1230 4185 1289 4251 ego

15 4309 16 4318 ¹
103 4283 306 4369 praetulerim
330 4296 460 4374 propter
483 4306 616 4372 sequens
640 4283 802 4358 δοκοῦντος.

150 4403 224 4492 Pap.
263 4401 347 4482 34b,
383 4404 422 4468 fr.
462 4409 523 4484 46,
561 4411 600 4470 5:
639 4401 704 4470 θ’σον
739 4407 770 4471 δέ
800 4405 928 4472 παιδεία
958 4407 1156 4484 ἀναγνώσεως
1186 4403 1289 4484 ἰσχύει

103 4523 178 4602 πρὸς
209 4525 279 4598 τοὺς
307 4525 458 4605 πολέμους
483 4525 535 4592 καί
560 4529 577 4601 ἦ
602 4527 652 4592 διὰ
674 4536 729 4602 τῆς
755 4527 887 4607 ἱστορίας
912 4526 1041 4606 cupreis
1067 4525 1173 4606 θεωρία
1194 4526 1290 4605 πρὸς

16 4675 17 4716 ι
101 4643 234 4726 σ’ίριαχθν
268 4669 337 4712 τινα
369 4647 420 4712 καί
450 4649 696 4730 γραμμικίρν
717 4646 846 4726 ἔκβασιν
871 4651 1034 4712 τελευτῶσι
1059 4643 1111 4710 καί
1137 4669 1289 4723 συναναρ-
