2944 5002
769 309 808 369 ii

243 498 281 564 In
309 499 349 562 Ir.
384 495 459 562 xlv
493 493 566 582 (lx)
592 517 636 559 rs.
663 497 706 559 32
731 514 848 558 nomen
871 491 960 558 ducis
984 493 1120 562 Romani
1144 495 1192 560 vel
1217 495 1388 585 appelleti-

198 640 292 698 rum,
315 640 377 708 quo
396 616 482 684 idem
505 615 712 704 significetur,
737 613 907 680 desiderari
929 615 1132 682 menifestum
1156 629 1213 682 est.
1263 615 1389 684 Scribi-

198 751 251 804 tur
273 739 359 804 enim
382 739 444 804 sic:
471 742 615 816 Ῥωμαῖοι
640 733 743 804 εἷλον
762 737 1183 818 -λαΦυροποιλήσαντες
1207 773 1252 788 -
1275 731 1391 812 ήλθον
1458 775 1459 804 1

198 859 251 926 καί
281 859 383 942 ταθτη
409 858 628 940 παρακαθίσας
659 859 738 924 ἑλεῖν
770 860 823 923 οὐκ
848 856 982 934 ε’δυνήθη
1017 895 1062 906 -
1089 853 1167 924 εθλε
1198 895 1243 908 -
1267 859 1389 934 ἐπείλη-

198 1005 266 1046 σεν
289 1017 334 1028 -
356 975 430 1044 εἷλε
453 980 519 1044 κτέ.

244 1099 366 1166 Ibidem
406 1121 480 1188 pag.
526 1101 568 1162 26
605 1121 650 1164 vs.
695 1101 734 1164 l:
777 1093 847 1164 εἶτα
883 1098 989 1176 ὁμοίως
1022 1106 1093 1172 ταῖς
1128 1097 1245 1172 ἄλλαις
1277 1099 1392 1177 κθλεσι
1459 1095 1460 1116 ³

198 1223 330 1304 φρουρὰν
365 1221 571 1296 καταστήσας
607 1219 658 1284 ἐπὶ
689 1218 829 1298 Καμικθν
853 1213 936 1292 ἦλθε.
985 1218 1105 1286 Verum
1128 1219 1252 1286 ridetur
1275 1221 1392 1298 ε’γκα·

198 1343 361 1416 ταστήσας
395 1342 460 1406 κτὲ.
496 1340 564 1404 scil.
601 1341 630 1406 ἐν
663 1339 823 1424 Σιπτοθνρ,
853 1361 928 1404 nom
960 1339 1029 1406 Ioco
1061 1351 1166 1406 nostro
1190 1341 1269 1408 hoec
1293 1341 1394 1406 rerba

198 1461 413 1552 praecedunt:
440 1461 490 1527 ἐπί
516 1460 675 1528 Σιττοίναν
698 1460 898 1536 ε’λθὼναατθι
921 1459 1030 1543 κρθτος
1054 1461 1171 1536 ταύτην
1192 1457 1267 1528 εἷλε.
1304 1461 1394 1528 Ton-
1460 1459 1461 1462 '

200 1581 273 1648 dem
303 1606 367 1648 non
398 1581 528 1672 expedio
560 1581 690 1646 ultimo:
725 1579 770 1648 ἔτι
801 1581 833 1646 δὲ
862 1582 1001 1660 τοταμδς
1028 1583 1162 1658 Ἀλυκος
1192 1581 1245 1648 καὶ
1269 1581 1393 1656 ἄλλαις

200 1703 373 1785 ἐσχάταις,
400 1702 455 1768 ubi
478 1701 570 1792 plura
594 1700 764 1768 desiderari
788 1701 948 1768 neminem
972 1702 1060 1768 Intet.

246 1823 396 1890 Marcum
416 1835 448 1890 et
471 1834 655 1914 corruptum
675 1835 722 1888 est
741 1822 868 1890 initium
888 1823 928 1890 fr.
952 1821 1044 1888 xvlt
1066 1820 1161 1910 (X1):
1183 1823 1266 1890 οὐδὲν
1285 1819 1394 1890 δὀθτα

201 1947 510 2022 καταπλήττεται
544 1943 603 2016 τὰς
632 1944 744 2026 ψυχὰς
767 1945 805 2018 ὡς
828 1945 863 2010 τὸ
888 1945 1052 2020 ἡττηθῆναι
1075 1951 1140 2015 τοῖς
1162 1943 1394 2028 Καρχηδονίοις.

201 2066 362 2147 δυνάμενοι
392 2066 455 2148 γοδρ
486 2064 592 2150 ῥαδίως
616 2065 790 2148 διαφθεῖραι
814 2065 870 2140 τήν
897 2066 1041 2142 ναυτικήν
1065 2064 1194 2146 δύναμιν
1217 2072 1276 2132 τῶν
1300 2081 1397 2132 πολε·
1462 2155 1463 2162 ¹

200 2188 278 2268 μίαν
308 2186 376 2268 περὶ
407 2186 458 2252 τθν
492 2183 693 2263 κατοίπλουν,
724 2185 786 2250 οὐδ’
814 2185 1021 2266 ἐπεχείρησαν
1053 2185 1178 2260 τούτους
1208 2189 1396 2266 ἀμύνεσθαι.
1462 2173 1463 2176 ¹

203 2309 245 2398 Et
273 2307 379 2374 censui
410 2319 442 2372 et
472 2305 599 2396 linguae
631 2305 752 2394 legibus
783 2305 976 2372 satisfactum
1007 2307 1086 2385 erit,
1116 2307 1143 2372 si
1175 2309 1393 2398 rescripseris:

202 2429 286 2512 οὐδὲν
310 2429 335 2492 δ’
367 2425 443 2494 οὕτω
472 2429 713 2504 καταπλήττει
743 2429 801 2504 τθις
826 2426 939 2510 ψυχὰς
961 2429 1000 2498 ctr
1023 2429 1058 2494 τδ
1082 2430 1258 2506 ἡττηθῆναι·
1284 2425 1396 2518 (ὅπερ

204 2545 245 2624 ήν
272 2550 373 2616 ἰδεῖν
396 2547 446 2638 ἐν)
476 2556 539 2620 τοῖς
560 2549 785 2630 Καρχηδονίοις·
809 2546 970 2628 δυνάμενοι
993 2548 1056 2630 γὰρ
1079 2551 1144 2614 κτὲ.
1193 2549 1313 2618 Mutari
1336 2574 1396 2616 κα-

202 2672 421 2748 ταπλήττεται
441 2669 474 2734 in
495 2671 732 2750 καταπλήττει,
756 2671 830 2759 quin
855 2670 964 2734 solum
986 2669 1170 2736 Acrisium
1194 2669 1313 2738 Medii
1334 2695 1397 2761 pro

201 2793 303 2858 formo
339 2791 450 2856 Actirn
484 2789 578 2856 huius
612 2789 701 2855 verbi
736 2788 916 2856 aIIiodoro
936 2803 967 2856 et
991 2790 1188 2880 sequioribus
1212 2791 1396 2858 adhibitum

202 2913 354 2980 invenies.
403 2909 556 2976 Similiter
578 2910 675 2976 codex
699 2909 871 2976 Vaticanus
889 2909 1072 3000 diligentius
1088 2912 1247 3003 inspectus
1268 2911 1397 2980 dnobus

203 3031 363 3102 vocabulis
385 3033 479 3124 plane
502 3032 683 3100 necessariis
704 3033 789 3098 aurit
804 3055 860 3111 ea,
887 3055 968 3121 quae
979 3031 1130 3122 leguntur
1142 3057 1186 3100 rs.
1202 3031 1397 3101 24inhunc

202 3154 334 3222 modum
364 3152 625 3242 redintegrando:
652 3153 705 3219 καί
728 3154 809 3233 μήτε
832 3151 949 3230 τάξεως
972 3154 1053 3233 μήτε
1078 3155 1278 3234 συστήματος
1302 3155 1398 3236 οἱδροῦ

202 3275 388 3356 γενομένου,
415 3274 494 3364 (τοῦ
519 3273 573 3360 τε)
599 3273 776 3354 πνεύματος
801 3273 971 3356 βιαιότερον
996 3274 1173 3353 ἐγκειμένου
1196 3277 1261 3341 κτὲ.

249 3395 391 3464 Tandem
421 3396 455 3460 in
485 3395 553 3486 ipso
581 3395 720 3484 excerpti
750 3395 814 3460 fine
837 3393 920 3460 maie
944 3393 1105 3460 abundare
1128 3395 1235 3461 iudico
1257 3417 1398 3486 praepo-

203 3521 347 3586 sitionem
378 3515 466 3582 verbi
497 3516 661 3606 compositi
693 3516 726 3580 in
754 3515 821 3580 his:
849 3516 984 3580 καὶτῶν
1007 3521 1168 3600 χρησίμων
1192 3516 1235 3582 τοὶ
1260 3517 1317 3596 μὲν
1340 3519 1398 3584 διὰ

202 3641 258 3716 τήν
289 3637 462 3718 εὐλάβειαν
491 3635 645 3717 προέμενοι
675 3637 717 3701 roi
746 3636 776 3702 δὲ
807 3637 857 3702 tata
889 3637 945 3711 τήν
971 3637 1100 3717 οὶπορίαν
1121 3638 1395 3715 διαγνοήσαντες.

203 3759 299 3850 Νειιιιι
318 3757 450 3825 verbum
473 3759 640 3836 διαγνοεῑν,
665 3757 749 3847 qnod
773 3758 873 3824 lexico
895 3758 1059 3846 ignorant,
1083 3759 1108 3824 si
1131 3770 1287 3838 exstaret,
1312 3758 1399 3826 nihil

204 3879 287 3946 eliud
308 3880 484 3968 significare
502 3891 605 3968 posset
618 3901 713 3968 qnam
719 3887 905 3970 perpetuo,
929 3878 1099 3966 adfinem
1112 3902 1219 3968 usquc
1233 3883 1371 3946 nescire
1384 3931 1397 3960 ,

203 4024 284 4091 qnae
308 4001 394 4066 notio
418 3999 487 4064 loco
507 4013 612 4066 nostro
631 4023 695 4064 non
718 3999 884 4078 contenit,
906 4022 1003 4088 querc
1024 3998 1247 4090 corrigendum
1271 3999 1400 4068 ridetur

201 4123 422 4204 ἀγνοήσαντες.
481 4120 749 4212 Praepositionem
784 4143 888 4186 errore
923 4143 941 4186 e
976 4121 1190 4209 superioribus
1226 4122 1400 4210 repetitam

203 4269 268 4312 esse
292 4241 490 4309 crediderim.

249 4368 336 4452 Quae
372 4364 521 4454 leguntur
552 4365 584 4428 in
616 4365 655 4428 ir.
686 4363 797 4430 XVIII
831 4363 921 4450 (IIII)
956 4386 998 4428 rs.
1033 4367 1052 4427 3
1085 4363 1119 4428 in
1150 4363 1238 4428 hunc
1261 4363 1402 4432 modum

204 4489 410 4574 castigentur:
453 4486 505 4566 ἐφ’
542 4479 584 4553 οἷς
622 4485 689 4562 ὀρῶν
720 4484 867 4556 αὐτοὺς
903 4487 973 4570 (pro
1005 4481 1107 4570 τοὺς)
1133 4485 1402 4562 ἀγανακτοῦντας

205 4604 318 4688 ἔφησεν
342 4607 444 4685 αὐτῷ
464 4603 533 4692 (pro
558 4603 723 4686 αὐτοὺς)
750 4603 809 4668 δεῖν
833 4604 1005 4670 τούναντίον
1027 4601 1119 4687 χθριν
1144 4604 1228 4688 ἔχειν
1250 4607 1299 4672 ἐντί
1325 4609 1403 4674 τού-
