2944 5002
770 313 811 374 28

197 499 251 566 τδν
267 500 297 565 δὲ
318 498 353 566 τὸ
377 499 434 576 μὲν
458 503 572 579 πρῶτον
595 497 648 562 οὐκ
671 493 755 572 άξνον
780 495 924 577 κρίναντα
950 497 1070 586 (αὑτὸν)
1096 503 1149 565 τοῦ
1173 498 1279 580 γάμου
1301 503 1386 579 ντὲ.,

199 621 275 686 dum
296 631 424 697 eontra,
446 617 523 683 siin
546 618 603 695 iis,
633 639 714 706 quae
738 617 842 682 statim
863 630 1058 706 sequuntur:
1082 619 1387 700 δρῶντααύτδν-

197 741 382 822 τεμάμενον,
406 740 555 804 omissum
576 750 678 816 esset,
703 760 798 804 nemo
821 739 934 828 opinor
950 740 1136 828 requireret.
1170 742 1224 808 Vs.
1247 745 1288 809 10
1305 743 1384 809 ibid.

198 865 320 952 antiqui
356 875 440 927 certe
474 861 687 950 scripsissent:
713 860 827 932 αὐτὸς
850 861 882 926 δὲ
905 861 1188 943 ἀποκρίνασθαι,
1213 877 1244 928 et
1269 888 1314 930 rs.
1340 867 1383 930 8:

197 992 301 1063 γῆμαι
324 983 512 1063 βουλόμενος
537 1005 594 1070 pro
620 981 813 1048 accusativis
837 981 947 1048 αὐτὸν
970 995 1002 1048 et
1024 983 1244 1062 βουλόμενον.

244 1105 281 1169 In
311 1104 352 1170 fr.
386 1103 459 1168 LIV
489 1102 604 1168 haereo
635 1103 667 1166 in
703 1101 821 1166 verbis:
867 1103 963 1168 τύπον
998 1101 1029 1167 δὲ
1064 1105 1115 1170 τδν
1149 1103 1271 1184 άκμονά
1305 1112 1386 1190 Φνπν

199 1225 252 1290 καὶ
281 1224 340 1298 τάς
366 1225 507 1307 σφύρας,
530 1229 624 1302 πῆμα
647 1223 673 1287 δ’
697 1223 749 1287 ε’πδ
774 1223 949 1299 πήματος
973 1224 1024 1290 τδν
1049 1223 1162 1306 τνδνρον
1187 1225 1238 1291 ἐπὶ
1262 1228 1388 1309 σιδηρῷ,

199 1345 255 1410 ubi
267 1357 396 1434 propter
412 1343 575 1432 sequentia
598 1355 630 1408 et
653 1343 702 1408 rel
722 1343 838 1432 magis,
861 1341 944 1432 quod
965 1343 1031 1432 ipsa
1052 1345 1172 1412 oraculi
1193 1347 1286 1412 rerba
1305 1347 1339 1412 h.
1361 1348 1386 1413 l.

200 1465 397 1555 explicantur
422 1465 479 1551 (rs.
501 1467 557 1552 3),
578 1463 750 1553 legendum
769 1463 905 1532 ridetur:
929 1473 1023 1543 πῆμα
1043 1465 1070 1529 δ’
1083 1467 1134 1532 ἐπὶ
1154 1467 1302 1545 πήματι
1322 1470 1387 1534 κτὲ.

200 1587 239 1652 In
258 1587 297 1652 fr.
319 1585 409 1652 Lv11
428 1584 570 1650 offendor
592 1607 725 1650 numero
748 1585 864 1674 plurali
887 1587 920 1650 in
942 1585 1047 1652 hisee:
1074 1586 1256 1662 κατενόησεν
1280 1585 1389 1670 άνάρα-

151 1690 153 1696 ’
199 1731 255 1774 πον
279 1744 324 1756 --
347 1705 549 1788 ἐργαζόμενον
581 1706 613 1770 ἐν
632 1705 752 1787 χωρίοις
775 1714 901 1779 λεπτοῖς
919 1743 965 1754 -
985 1707 1038 1772 καὶ
1058 1706 1208 1788 τραχέσι,
1232 1709 1389 1798 siquidem

199 1831 307 1912 χάρνον
331 1851 395 1892 rus
415 1826 592 1916 significare
622 1826 720 1892 solet:
745 1825 800 1910 (el.
828 1825 971 1914 Thucyd.
998 1827 1014 1892 l
1040 1852 1048 1892 ε
1078 1827 1168 1916 106).
1218 1829 1269 1894 Aa
1292 1832 1390 1920 igitar

201 1947 422 2014 scribendum:
449 1950 479 2014 ἐν
502 1947 601 2029 χωρίῳ
624 1947 730 2026 λεπτῷ
752 1983 798 1996 -·
821 1946 873 2012 καὶ
897 1949 1036 2028 retaxat?

617 2185 714 2252 altit.
742 2185 799 2251 ll)
823 2186 905 2254 LIB.
932 2186 972 2252 X.

248 2428 398 2496 Nondum
421 2427 611 2518 perlegimus
634 2429 773 2516 primum
797 2427 891 2494 huius
914 2428 987 2494 libri
1010 2389 1243 2519 fragmentum,
1264 2443 1296 2497 et
1315 2455 1393 2501 ecoe
1458 2403 1459 2420 i

201 2553 306 2620 denuo
337 2574 392 2641 pes
422 2549 513 2614 nobis
540 2549 650 2614 haeret
673 2550 706 2613 in
729 2549 809 2616 luto.
859 2549 1017 2638 Equidem
1041 2561 1125 2616 certe
1149 2553 1198 2616 rix
1222 2565 1253 2619 et
1276 2576 1317 2620 ne
1342 2557 1392 2620 rix

202 2674 331 2764 quidem
361 2671 440 2738 mihi
470 2670 644 2760 persuadeo
672 2693 747 2736 sana
771 2694 836 2736 esse
862 2670 1033 2736 vocabula:
1060 2677 1166 2738 ταῦτα
1186 2673 1288 2752 λέγων
1317 2673 1393 2757 άμα

200 2795 392 2878 προσέδραμε
434 2793 487 2858 καὶ
527 2791 714 2872 δραξάμενος
747 2801 803 2868 τῆς
845 2797 899 2858 τοῦ
934 2793 1072 2858 Τυλλίου
1101 2795 1240 2874 χενρδς
1272 2793 1394 2878 ἔρριψεν

201 2919 295 2984 αὐτὸν
326 2917 412 2980 κατά
442 2921 497 2990 τοῖς
526 2914 680 2996 κρηπῖδος.
736 2913 819 2982 Nam
844 2915 934 3002 quis,
959 2935 1096 3002 quaeso,
1122 2913 1262 3004 aliquem
1284 2916 1395 2985 deiec-

200 3053 290 3106 turus
325 3057 382 3128 per
412 3035 545 3124 gradus,
577 3037 611 3102 in
645 3037 787 3100 animum
818 3033 948 3100 inducat
980 3057 1111 3100 manum
1134 3036 1201 3101 eius
1225 3037 1393 3127 arripere?

203 3161 266 3246 Qui
296 3159 358 3223 tale
391 3156 466 3245 quid
498 3157 612 3221 laetari
648 3169 741 3234 sunt,
773 3156 911 3244 aliquem
942 3155 1083 3221 medium
1106 3158 1244 3246 arripere
1267 3159 1394 3240 solent,

201 3276 470 3370 quemadmodum
491 3289 575 3342 recte
596 3277 703 3342 scribit
723 3277 830 3342 Lirius
851 3276 906 3341 lib.
926 3277 983 3342 lc.
1000 3281 1060 3344 48:
1085 3287 1156 3342 tum
1172 3277 1396 3367 Tarquinius
1457 3317 1458 3368 3

200 3404 412 3468 necessitate
443 3403 514 3464 iona
547 3401 652 3462 etiam
688 3403 769 3488 ipso
805 3407 944 3487 cogente
979 3401 1105 3464 ultimo
1129 3401 1260 3464 audere
1283 3403 1398 3468 multo

200 3532 234 3588 ot
256 3530 374 3586 aetate
399 3529 432 3584 et
455 3520 590 3584 viribus
614 3517 769 3582 validior
793 3517 940 3583 aredium
972 3523 1109 3608 arripit
1135 3518 1295 3586 Servium
1321 3522 1397 3587 ela-

200 3652 337 3730 tumque
372 3665 390 3705 e
421 3645 523 3706 ouria
555 3645 593 3704 ν’νο
624 3640 828 3727 inferiorem
846 3649 989 3729 partem
1003 3664 1073 3730 poa·
1090 3642 1229 3730 gradus
1249 3642 1396 3708 deiecit.

202 3761 285 3848 Quid
314 3774 420 3826 nostro
453 3761 522 3828 loco
553 3760 734 3828 iaciendum
763 3762 802 3826 sit
831 3761 952 3826 nescire
974 3783 1026 3826 me
1048 3761 1163 3842 fateor;
1189 3787 1264 3828 nam
1287 3765 1400 3832 multo

200 3882 329 3972 quidem
348 3883 453 3946 minus
474 3881 580 3970 inepte
603 3880 725 3946 dictum
748 3893 846 3946 esset:
873 3879 1062 3962 δραξάμενος
1080 3889 1152 3948 τῶν
1176 3889 1229 3950 τοῦ
1251 3887 1401 3952 Τυλλίου

198 4009 327 4085 τροχῶν
350 4015 386 4067 ut
411 4025 440 4066 r.
466 4024 494 4066 e.
522 4023 572 4089 ap.
600 4001 805 4066 Plutarchum
829 4003 863 4066 in
887 4003 942 4066 rit.
966 4001 1119 4068 Alexand.
1135 4027 1164 4072 c.
1180 4009 1222 4070 74
1235 4005 1397 4094 legimus:

198 4121 387 4208 δραξάμενος
418 4123 513 4187 αὐτοῦ
546 4127 603 4186 τῶν
634 4127 763 4203 τροχῶν,
795 4121 847 4187 sed
879 4145 984 4211 neque
1016 4124 1112 4212 plane
1136 4125 1216 4191 mihi
1240 4125 1405 4192 satisfacit

197 4247 277 4312 haee
314 4243 494 4310 coniectura
530 4265 634 4330 neque
668 4241 798 4308 lenitate
823 4267 854 4308 se
878 4243 1098 4322 commendat,
1123 4247 1232 4336 itaque
1255 4247 1406 4314 aliorum
1456 4239 1457 4287 ἕ

198 4369 324 4457 ingenio
355 4367 462 4430 locum
493 4364 671 4452 relinquere
702 4365 797 4429 malo.
848 4363 885 4428 In
913 4365 979 4454 ipso
1005 4387 1070 4430 erc.
1098 4365 1163 4432 tine
1188 4368 1291 4434 obiter
1315 4393 1407 4460 sup-

198 4488 369 4576 plendum:
407 4487 591 4569 ἕποχεάρνοε
629 4484 711 4574 (μὲν)
746 4492 882 4568 Φυγεῖν,
916 4485 1094 4561 άπεκτάνάν
1133 4487 1174 4554 δέ.
1223 4487 1272 4554 Ad
1306 4489 1409 4558 idern

200 4609 345 4674 vitiorum
380 4632 478 4697 genus
511 4607 648 4699 pertinet
681 4607 734 4686 id,
773 4631 835 4696 quo
871 4606 993 4674 loborat
1029 4609 1242 4698 fragmentum
1275 4611 1327 4678 Ill
1366 4613 1411 4680 in
