2932 5004
763 331 825 394 142

200 539 322 592 rerum,
345 539 480 606 quarum
492 517 630 582 incertus
642 528 772 582 eventus
784 528 849 594 est,
863 537 892 580 r.
904 537 933 581 o.
944 523 1070 596 μοικῆο,
1087 515 1232 594 πολέμου,
1248 515 1388 593 ώγώνος,

198 638 360 704 similium.
409 637 566 727 Equidem
589 650 674 704 certe
697 637 916 728 praetulerim,
940 637 965 701 si
989 635 1191 702 scriberetur:
1217 633 1384 702 ἔκλυσιν

198 761 252 825 οὐκ
281 758 401 824 έσεσθαι
429 783 461 827 τ.
488 784 517 826 κ.
544 759 593 824 rel
616 758 763 838 ἔκβασιν,
796 771 831 824 ut
854 757 996 847 loquitur
1019 769 1124 824 noster
1147 781 1176 822 r.
1203 779 1232 822 c.
1260 756 1388 833 XXIX,

199 879 238 944 fr.
265 879 334 946 lt:
361 879 506 959 οὐδεμίαν
530 878 701 958 ἔκβασιν
723 877 848 960 ἔχοντες
871 883 929 944 τών
948 883 1059 944 κακῶν.
1097 875 1220 944 (lortius
1239 889 1286 942 est
1304 875 1387 941 ibid.

200 999 247 1090 (p.
286 999 362 1088 194)
398 1023 441 1065 rs.
476 1003 497 1064 4
527 1001 665 1088 requiri:
700 997 738 1066 ών
769 1001 898 1078 ἡγοῦντο
931 1000 1055 1070 Δαναὸς
1088 998 1139 1063 καί
1172 996 1296 1076 Κώδμος
1326 1003 1389 1062 τῶν

197 1117 302 1186 ώλλων
332 1121 613 1202 έπιΦανέστεροι
646 1122 711 1186 κτὲ.
743 1143 801 1210 pro
829 1119 1127 1201 ἐπιφανέστατοι.
1175 1118 1225 1184 lb.
1250 1142 1294 1184 rs.
1321 1122 1388 1194 27,

197 1240 320 1329 expleta
343 1241 478 1321 lacuna,
501 1263 583 1330 quae
602 1253 673 1331 post
694 1241 843 1308 Ἰουδαίων
867 1252 1023 1306 statuatur
1044 1261 1170 1306 necesse
1194 1252 1260 1317 est,
1284 1239 1389 1328 scrip-

197 1361 310 1426 serim:
345 1361 389 1426 διὸ
420 1361 473 1427 καὶ
504 1360 643 1440 βασιλέα
673 1363 730 1440 μὲν
763 1361 919 1440 μηδέποτε
942 1367 1000 1428 τῶν
1023 1361 1174 1426 Ἰουδαίων
1198 1359 1388 1449 (γίνεσθαι),

196 1481 252 1555 τθρν
283 1481 314 1546 δὲ
344 1485 397 1546 τοῦ
428 1483 560 1558 πλιίθονς
587 1482 778 1563 προστασίαν
810 1482 940 1548 δίδοσθαι
967 1481 1018 1548 διίι
1042 1482 1159 1554 παντὸς
1184 1483 1226 1563 τῷ
1250 1477 1388 1548 δοκοῦντι

196 1607 255 1668 τῶν
278 1601 375 1682 ἱερέων
398 1603 540 1685 Φρονιίσει
563 1601 616 1669 καί
640 1605 734 1686 αρετῇ
758 1603 913 1685 προέχειν.
961 1603 1009 1668 lb.
1034 1627 1067 1692 p.
1096 1606 1158 1668 195
1185 1625 1229 1668 rs.
1253 1605 1272 1666 2
1292 1601 1386 1691 lego:

196 1723 327 1790 ἐποιεῖτο
350 1723 382 1790 δέ
405 1723 457 1788 καί
481 1725 647 1806 στρατείας
671 1724 738 1790 έπί
763 1724 807 1789 τώ
830 1722 1032 1806 πλκσιίχοιρα
1056 1729 1114 1788 τών
1137 1723 1222 1788 έθνών
1244 1744 1301 1811 pro
1324 1723 1387 1796 είς

196 1827 350 1918 ardens.
377 1845 397 1907 9
419 1865 476 1932 pro
498 1842 693 1925 ὀλιγανδρίαν
710 1843 818 1908 malim
835 1843 1079 1922 ὀλιγανθρωπίαν
1100 1824 1276 1930 (θλιγα-νίαν
1294 1863 1388 1906 corn·

197 1962 349 2052 pendium
382 1978 448 2044 est,
481 1989 545 2054 quo
576 1966 608 2032 in
639 1964 732 2032 codd.
763 1965 841 2032 solet
862 1964 923 2030 boc
946 1963 1135 2030 vocabulum
1159 1962 1311 2051 exarari),
1337 1963 1389 2026 uti

195 2105 268 2148 mox
302 2097 388 2152 reete
419 2085 567 2152 scribitur
598 2089 839 2166 θλιγανθρώπως.
889 2085 1029 2152 Tandem
1052 2085 1085 2150 in
1110 2086 1176 2174 ipso
1200 2085 1264 2152 fine
1286 2083 1388 2149 inter-

195 2217 450 2293 pretamentum,
487 2227 551 2294 quo
585 2205 762 2274 carebimus
792 2206 859 2271 sine
888 2205 1098 2282 detrimento,
1132 2204 1242 2271 reddas
1273 2204 1389 2292 magis·

197 2323 273 2388 tello
293 2324 476 2393 scribendo:
498 2326 605 2392 πολλοὶ
617 2333 677 2393 τῶν
689 2327 823 2408 πατρίων
834 2335 896 2402 τοῖς
910 2326 1062 2400 Ἰουδαίοις
1079 2325 1239 2414 [νομίμων]
1254 2325 1386 2400 ἐκινήθη.

242 2443 295 2509 Fr.
329 2445 387 2510 lv,
436 2445 597 2512 Nonnulla
630 2447 664 2512 in
693 2447 755 2514 hoo
777 2461 924 2538 excerpto
946 2449 1060 2515 melius
1083 2448 1232 2514 constitui
1254 2461 1389 2537 possunt

194 2586 212 2630 e
234 2563 435 2654 palimpsesto
460 2565 624 2633 Vaticano.
662 2566 716 2633 Vs.
743 2572 805 2634 30:
833 2570 995 2636 Γαλατίαν
1018 2593 1061 2636 τε
1085 2569 1137 2634 καὶ
1161 2569 1219 2642 τὰς
1245 2567 1385 2648 ὑπερκει-

193 2684 290 2764 μένας
311 2685 416 2767 χώρας
432 2709 490 2776 pro
511 2686 568 2753 ἔτι
589 2688 660 2765 καίς
682 2712 724 2754 vs.
740 2693 799 2754 37:
821 2690 873 2754 καὶ
892 2691 948 2765 τίον
967 2689 1053 2754 κατθι
1073 2688 1230 2766 Κιλικίαν,
1251 2689 1387 2768 Συρίαν,

194 2805 363 2882 Ἰουδαίαν,
391 2807 564 2888 Ἀραβίαν,
587 2810 774 2888 Κυρκναίκίιν
804 2809 819 2873 ἐ
827 2833 879 2874 πα
887 2833 902 2892 ρ
910 2810 958 2892 χί
965 2834 1029 2887 αν,
1061 2808 1167 2874 addito
1190 2806 1302 2874 ultimo
1326 2831 1389 2873 vo·

194 2926 328 3004 cabulo,
362 2925 445 3015 quod
476 2927 553 2992 Maii
583 2928 690 2993 oeulos
717 2929 881 3018 effugerat.
930 2930 1005 3019 Peg.
1035 2933 1099 2994 194
1122 2951 1166 2995 rs.
1196 2933 1233 2994 1:
1260 2928 1385 2996 καὶτὰ

192 3046 291 3113 λοιπίι
321 3049 412 3124 Φῦλα
443 3047 485 3112 τώ
509 3047 632 3128 μεταξὺ
656 3050 806 3130 Κολχίδος
831 3050 884 3115 καὶ
908 3049 1083 3123 Μαιώτιδος
1106 3051 1217 3129 λίμνκς
1241 3051 1296 3126 τίρν
1319 3075 1384 3116 πα·

193 3167 294 3248 ροίλιον
331 3167 583 3249 διακατέχοντα
614 3193 671 3259 pro
702 3169 892 3252 κατέχοντα.
941 3170 1081 3236 Tandem
1113 3195 1157 3236 rs.
1195 3175 1214 3234 5
1246 3169 1284 3236 de
1309 3193 1386 3236 con-

192 3288 312 3354 iectura
344 3288 573 3377 suppleverint:
606 3289 659 3354 ecl
683 3290 742 3364 τοὶς
767 3291 925 3372 προσίδους
949 3291 1106 3371 Ῥωμαίων
1132 3289 1189 3380 (θος
1212 3289 1296 3378 μὲν)
1321 3297 1384 3375 Φυ-

192 3407 310 3486 λοίξας,
332 3403 372 3480 ἃς
396 3407 427 3474 δὲ
450 3406 667 3490 προσαυξήσας
685 3411 750 3476 κτὲ.
799 3411 963 3477 Praeterea
982 3411 1110 3476 malim:
1146 3408 1386 3494 διαφυλάξας.

237 3530 291 3594 Fr.
323 3528 351 3592 V
384 3528 424 3618 (V
458 3531 475 3615 §
513 3531 544 3618 1)
577 3531 669 3596 inin:
703 3533 717 3598 θ
748 3532 780 3598 δὲ
808 3530 934 3613 Μοίρκος
961 3531 1002 3620 [o‘]
1031 3532 1169 3614 Κικέρων.
1219 3531 1385 3598 Articulus

192 3661 265 3716 ante
288 3649 434 3732 Κικέρων,
459 3674 554 3740 quem
578 3653 734 3742 expunxi,
758 3651 892 3720 debetur
916 3653 960 3719 Μ.
985 3655 1094 3718 errori.
1144 3652 1233 3719 Idem
1256 3655 1386 3742 gravius

191 3772 334 3859 peccarit
358 3771 392 3836 in
415 3772 639 3861 sequentibus:
666 3775 845 3840 σιωπώντων
867 3775 898 3840 δὲ
921 3780 980 3840 τών
1004 3780 1125 3840 πολλῶν
1150 3774 1201 3840 διδ
1221 3777 1276 3850 rio
1296 3777 1388 3840 κατὰ

190 3889 348 3971 πρόσωπον
381 3891 538 3974 έντροπιίν,
570 3893 606 3960 δι’
635 3893 735 3975 ἑτέρου
757 3894 890 3976 τρίπον,
913 3893 1052 3976 καθώπερ
1075 3893 1202 3973 ἐλέγξαι
1226 3896 1281 3969 τὴν
1304 3895 1387 3974 σώγ-

190 4025 302 4087 κλκτον
325 4013 458 4092 ώκριβώς
481 4013 686 4094 βουλόμενος,
710 4016 744 4081 ri
768 4015 902 4096 δεώτερον
923 4016 1097 4096 έπκρώτκσε
1116 4017 1187 4090 τοὺς
1207 4015 1384 4096 συνέδρους,

189 4135 215 4203 εί
246 4132 443 4198 κωλύουσι
475 4134 603 4200 Λεώκιον
631 4135 800 4215 Κατιλίναν
824 4137 858 4202 έκ
881 4145 936 4212 τῆς
960 4138 1078 4216 Ῥώμης
1101 4137 1382 4216 μεταστήσασθαι.

190 4255 228 4324 lu
258 4254 307 4320 his
337 4253 506 4319 κωλύουσι
539 4267 585 4320 est
616 4269 816 4346 praepostera
840 4258 1021 4324 coniectura
1044 4281 1101 4348 pro
1124 4257 1326 4334 κελεύουσι,
1351 4273 1389 4324 et

190 4375 361 4440 Λεύκιον
396 4375 622 4440 Κατιλίναν
653 4377 761 4442 infelix
793 4377 837 4443 Μ.
873 4379 1007 4468 suspicio
1037 4401 1094 4468 pro
1118 4401 1178 4456 co,
1211 4376 1296 4466 quod
1321 4378 1388 4444 sibi

191 4492 293 4578 legere
325 4492 511 4574 ridebatur,
544 4494 707 4562 Κίιντον
738 4499 985 4577 Κατίλινοιν,
1010 4500 1103 4564 nimis
1127 4499 1228 4566 calide
1252 4512 1391 4589 recepta

193 4631 210 4670 a
243 4609 369 4697 reliquis
400 4614 583 4684 editoribus.
635 4613 737 4682 Codex
771 4618 855 4684 enim
888 4620 1063 4688 accuratius
1094 4621 1251 4710 inspectus
1280 4623 1392 4686 mani·
1449 4621 1450 4624 ’
