2932 5004
638 311 681 372 89

114 496 167 562 Fr.
200 495 258 561 XV
287 517 329 560 rs.
369 501 425 560 15:
458 494 533 562 dere
567 497 663 563 δονεῖν
691 493 782 576 όμοια
815 497 919 575 aaron
957 495 1146 584 [irruistis]
1173 492 1249 560 εἶναι

12 591 13 604 i
77 618 116 682 τόν
135 615 215 692 siin
239 618 281 682 τόο
306 615 373 696 περὶ
396 616 499 682 αὐτόν.
535 618 639 683 Pauca
660 617 724 683 vidi
746 618 935 683 emblemata
958 617 1057 682 hoece
1079 615 1250 706 putidiore.

79 738 127 802 Vs.
157 743 217 803 17:
244 739 317 818 ὑπὲρ
338 739 433 802 αὐτοῦ
457 737 622 817 διαλαβεῖν
645 731 728 819 tert
752 741 869 804 παθεῖν.
918 739 1075 804 Graecum
1098 751 1164 803 est:
1191 734 1210 803 ό
1214 759 1252 802 τι

12 847 13 934 l
79 863 133 939 χρὴ
164 859 281 923 ποιόεῖν.
330 857 406 946 Peg.
444 861 486 922 92
522 883 567 924 vs.
605 865 645 924 3:
689 857 815 940 Μόρκος
851 859 995 938 Αἰμίλιος
1028 860 1179 940 παρῄνεσε
1214 867 1251 940 τῇ

12 993 13 1010 ³
82 981 236 1061 συγκλήτῳ
259 978 476 1060 σχετλιάζων,
500 981 526 1044 si
549 981 594 1058 nir
618 980 669 1046 τόν
691 978 870 1062 οένόρόπινον
892 979 1020 1063 φόβον
1043 981 1252 1058 εὐλαβοῦνται

12 1091 13 1168 ζ
83 1102 130 1175 τόν
156 1125 196 1178 γε
226 1101 296 1172 τοὺς
331 1099 532 1182 ὑπερηφάνως
560 1108 630 1170 ταῖς
655 1099 805 1176 ἐξουσίαις
827 1101 1001 1182 χρωμένους
1024 1099 1256 1184 μετερχομένων

12 1287 13 1292 ,
84 1220 191 1298 νέμεσιν
224 1221 384 1286 αἰδεῖσόαι.
433 1219 611 1310 Intelligam
642 1219 738 1300 haee,
773 1233 941 1311 postquam
971 1221 1143 1311 repositum
1173 1221 1253 1286 erit:

85 1343 106 1405 si
128 1341 168 1419 μὴ
190 1341 240 1406 τὸν
264 1341 441 1422 sititensi
465 1341 538 1422 Φόό
546 1365 605 1406 νον
627 1342 848 1420 εὐλαβοῦνται.

12 1523 13 1554 3
125 1461 245 1552 Optime
276 1463 420 1529 monenti
451 1463 534 1562 Maio
565 1462 736 1528 noluerunt
767 1485 887 1528 morem
918 1443 1025 1552 gerere
1058 1463 1191 1530 editores
1214 1465 1254 1530 f.

87 1581 167 1648 XVII
198 1582 252 1670 (X)
285 1607 332 1650 rs.
366 1588 406 1649 27
433 1583 636 1650 scribendum
659 1607 745 1650 esse:
772 1586 847 1649 αλλ’
871 1583 951 1663 ὅμως
977 1588 995 1660 ἡ
1018 1585 1090 1665 πρὸς
1115 1587 1166 1684 τὸν
1188 1585 1256 1665 βίον

86 1703 159 1777 ἡμῶν
191 1703 341 1782 οὶλογόα
377 1712 432 1779 τῆς
464 1704 566 1784 τύχης
601 1704 653 1768 καὶ
689 1703 796 1770 τόντα
824 1705 911 1784 παρόν
941 1705 992 1769 τόν
1022 1705 1174 1783 λογισμόν
1204 1705 1256 1770 τόν

87 1821 215 1902 ἡμέτερον
234 1828 447 1890 καινοποιοῦσα
467 1824 520 1888 καὶ
539 1827 594 1900 τὴν
615 1825 711 1899 αὑτῆς
730 1824 859 1902 δύναμιν
879 1825 909 1888 ἕν
925 1833 988 1896 τοῖς
1008 1824 1257 1904 παραδόξοις

87 1943 299 2022 tiliaventum
328 1943 384 2009 ubi
414 1921 522 2009 hodie
545 1943 765 2010 absurdissime
799 1944 914 2033 legitur
945 1944 1102 2022 ἀναλογία
1125 1959 1156 2012 et
1180 1947 1258 2013 svst-

12 2061 13 2130 ζ
87 2061 153 2138 ξιιμ
177 2087 257 2152 quae
280 2065 330 2130 rel
354 2065 379 2130 si
402 2063 486 2153 apud
509 2065 676 2152 Polybium
700 2087 765 2130 non
788 2065 959 2159 emendata¹
976 2066 1177 2156 legerentur,
1202 2069 1259 2157 qui

87 2206 137 2272 pro
154 2184 206 2250 illo
228 2185 325 2250 habet
349 2185 510 2258 οὶσόνόετος
534 2185 637 2266 τύχη,
661 2185 848 2274 quantocius
871 2185 911 2252 de
934 2188 1115 2253 coniectura
1127 2188 1260 2256 fuissent

88 2305 268 2394 cunigunda.
317 2305 400 2372 Nam
434 2307 512 2372 seire
542 2306 695 2396 pervelim
726 2329 807 2395 quae
838 2307 876 2372 sit
903 2307 1049 2374 fortunae
1072 2312 1258 2399 analogia,

89 2426 168 2491 euius
196 2427 356 2493 lenitatem
388 2439 420 2492 et
443 2448 570 2492 oaeeam
594 2426 803 2495 mobilitatem
828 2427 968 2516 quotidie
991 2429 1119 2517 eulpsre
1141 2443 1260 2495 morta-

12 2527 13 2596 ἶ
90 2545 128 2610 les
150 2547 302 2625 solemus,
335 2559 391 2612 aut
414 2545 572 2636 quomodo
595 2545 706 2612 eadem
729 2545 793 2610 diei
815 2547 912 2635 possit
934 2549 967 2611 in
991 2549 1082 2614 elaris
1109 2549 1194 2636 (viris
1218 2574 1259 2615 an

12 2655 13 2730 i
88 2665 202 2754 quidi)
235 2667 399 2733 ostendere
423 2689 511 2732 suam
534 2667 727 2755 potentiam,
754 2667 843 2755 quasi
865 2666 990 2732 obscuri
1012 2668 1143 2732 illinon
1166 2691 1259 2758 pare-

12 2781 13 2784 '
87 2800 146 2852 ant.
192 2790 393 2876 Quantopere
428 2789 524 2876 igitur
560 2787 680 2852 fallitur
715 2785 883 2865 Horatius,
916 2787 972 2852 ubi
995 2787 1099 2852 sarrit:
1150 2787 1191 2852 V
1187 2791 1261 2856 alet

12 2963 13 2994 3
87 2912 150 2971 ima
179 2912 320 2972 summis
352 2917 507 2988 mutare,
549 2917 583 2972 et
617 2911 789 2997 insignem
820 2916 983 2972 attenuat
1008 2909 1092 2974 dens
1116 2911 1262 2975 obsettrn

12 3001 13 3054 ]
81 3051 255 3116 promens,
289 3031 370 3094 ltine
400 3033 533 3120 apicem
564 3052 683 3119 rapax
705 3029 859 3116 fortuna
883 3053 956 3094 enm
980 3031 1136 3095 stridore
1159 3041 1261 3096 acuto
1288 3059 1292 3066 ·

86 3151 241 3229 sustulit,
271 3150 511 3240 disposuisse
533 3149 665 3238 gaudet
674 3148 689 3212 !
727 3149 796 3234 Quo
819 3149 889 3214 loeo
913 3149 1028 3216 accedo
1053 3151 1261 3242 Peerlkampii

84 3272 267 3349 nutamine,
300 3272 418 3336 sariam
441 3271 611 3336 lectionem
639 3270 672 3333 in
696 3267 765 3334 eod.
792 3268 981 3358 Reginensi:
1009 3273 1148 3360 insigne
1168 3281 1260 3336 atte-

86 3401 165 3455 nuat
198 3391 302 3456 steens
340 3391 468 3481 (nempe
502 3389 721 3481 Diespiter),
750 3390 876 3479 vulgata
906 3390 1067 3479 aliquanto
1097 3392 1261 3458 meliorem

85 3533 145 3576 esse
165 3512 343 3578 iudicantis.

127 3628 185 3696 Sed
214 3630 381 3698 redeamus
411 3631 451 3698 ad
480 3644 644 3709 nostrum,
668 3644 701 3696 et
724 3631 891 3697 reddamus
914 3656 932 3697 e
954 3632 1156 3722 palimpsesto
1179 3635 1262 3702 male

85 3746 233 3841 descripto
264 3775 283 3816 a
315 3751 359 3817 tt.
397 3750 556 3817 Demetrio
592 3751 763 3816 Phalereo:
801 3749 838 3816 cir
871 3754 931 3818 οὐδ’
965 3751 1060 3831 όνομα
1093 3755 1260 3844 (πρότερον)

12 3871 14 3960 ρ
85 3863 115 3940 ’lv
154 3867 315 3956 γνώριμον,
359 3896 422 3962 quo
464 3874 548 3938 laeto
583 3872 743 3939 videamus
778 3851 819 3938 an
854 3873 999 3963 prodesse
1034 3877 1186 3964 possimus
1221 3881 1261 3946 f.

12 3973 14 4066 l
86 3987 187 4059 tvltt
221 3994 316 4082 (xl),
353 3995 409 4060 ubi
445 3995 566 4083 reliqua
602 3993 732 4082 quidem
762 3995 877 4060 rectius
908 3995 1137 4064 administrarit
1167 4023 1263 4088 quam

85 4107 120 4174 Β.
145 4113 315 4194 llullerus,
341 4115 424 4182 male
447 4129 553 4182 tamen
577 4116 744 4181 correxisse
767 4115 891 4181 ridetur
912 4139 955 4182 vs.
981 4121 1023 4182 ΞΟ
1044 4141 1135 4207 sqq:
1163 4120 1263 4201 διόπερ

12 4221 13 4282 ἓ
82 4236 301 4318 προσεύχεσθαι
333 4243 391 4302 τοῖιν
422 4239 492 4302 θεῶν
516 4243 574 4302 τῶν
601 4237 656 4315 μὲν
682 4236 829 4315 δημοσίων
853 4237 896 4310 εἷς
920 4237 1014 4315 μηδὲν
1037 4241 1185 4318 ἐμπεσεῖν
1207 4242 1263 4315 τὴν

79 4357 279 4434 μεταβολήν,
311 4359 385 4422 ἀλλ’
417 4359 442 4422 εἰ
474 4355 597 4430 πόντιος
629 4357 732 4440 αὐτῇ
764 4355 880 4438 τροῖξαι
910 4358 1028 4426 δέδοκτο
1054 4361 1089 4447 (l.
1113 4360 1261 4450 ἐδέδοκτο)

78 4473 241 4559 δυσχερὲς,
278 4481 362 4544 τοῦτ’
398 4481 439 4552 εἷς
467 4479 560 4544 αὐτόν
593 4477 863 4559 ἕναπερεόσασόαι,
895 4502 953 4568 pro
984 4483 1078 4562 αὐτῇ
1109 4503 1264 4570 reponens

75 4595 115 4662 οὗ
150 4623 204 4668 τι.
256 4597 533 4688 Superraeaneum
566 4600 649 4665 enim
686 4612 732 4666 est
770 4597 827 4676 αὖ,
864 4599 939 4664 dum
964 4613 1071 4664 eontra
1095 4603 1266 4688 requiritur

1043 4725 1076 4773 12
