2932 5004
782 333 825 394 90

196 541 372 608 pronomen
395 517 578 607 personale,
609 537 672 605 quo
696 516 849 582 referetur
866 517 1010 588 ἐδέδοκτο.
1036 519 1208 586 lenissime
1221 521 1377 610 corriges:

195 641 275 723 αὐτῇ
304 663 341 705 τι
375 637 509 721 πρᾶξαι,
533 659 597 727 quo
620 637 703 704 lueto
726 639 806 722 αὐτῇ
830 637 1030 705 referendum
1054 641 1113 705 erit
1137 640 1175 705 ud
1199 649 1255 716 τῆς
1278 639 1384 722 τύχης

196 781 288 851 supra
320 783 364 826 rs.
395 763 450 826 20.
500 759 609 825 Malim
640 771 766 824 tumen:
800 762 924 834 αὐτοῖς
948 785 985 827 τι
1009 760 1125 842 πρᾶξαι
1150 761 1286 828 ἐδέδοκτο
1310 761 1383 826 soil.

196 891 258 955 τοῖς
292 884 376 958 θεοῖς.
425 881 480 946 Vs.
511 885 552 946 7:
575 881 661 959 μετὰ
685 879 778 946 πέντε
801 880 917 962 ἡμέρας
941 884 984 954 εἷς
1008 883 1203 948 Μακεδονίαν
1226 881 1385 961 γενέσθαι.

197 1004 301 1093 Lege:
339 1002 614 1084 παραγενέσθαι,
650 1003 710 1068 nisi
741 1003 778 1067 έν
809 1003 989 1088 Μακεδονέρι
1020 1025 1172 1094 reponere
1194 1003 1296 1068 malis.
1346 1003 1385 1068 ln

196 1124 305 1190 eodem
339 1135 485 1213 excerpto
515 1121 603 1188 loeus
634 1146 678 1188 rs.
716 1127 826 1213 4sqq.
850 1123 1041 1190 documento
1064 1147 1130 1192 esse
1157 1135 1276 1213 potest,
1302 1145 1388 1212 quo-

145 1305 154 1326 „
196 1244 290 1311 modo
326 1245 446 1310 librarii
475 1244 690 1310 Nominetiros
720 1265 794 1312 oum
823 1244 990 1310 Infinitirir
1021 1245 1061 1310 de
1095 1245 1249 1310 industrio
1283 1244 1386 1310 inter·

195 1364 331 1456 polendo
366 1377 398 1431 et
428 1365 611 1454 refingendo
643 1366 676 1429 in
711 1365 912 1430 Accusatiros
943 1387 972 1430 o.
1004 1364 1066 1430 Inf.
1095 1376 1219 1432 mutere
1249 1363 1383 1430 soleent.

197 1486 297 1575 Lege:
332 1483 393 1568 ἔφη
422 1463 485 1568 γαρ
521 1485 655 1574 [ἑαυτὸν]
689 1483 726 1562 ἐξ
756 1487 895 1559 Ἰταλίας
927 1487 970 1560 οἷς
1000 1486 1054 1560 τὴν
1079 1485 1223 1552 Ἑλλάδα
1245 1485 1385 1564 μέλλων

197 1611 268 1697 (pro
290 1607 491 1696 μέλλοντα)
517 1611 658 1689 περαιοῦν
681 1605 742 1678 τοὶς
758 1605 902 1685 δυνάμεις
921 1607 1136 1688 οὶποέειοριέσας
1155 1607 1210 1682 την
1229 1607 1384 1682 οὶνατολην

196 1729 248 1793 καὶ
282 1727 354 1793 τότε
388 1732 440 1795 τὸν
474 1733 570 1794 πλοῦν
604 1727 808 1805 ποιητοέριενος
837 1725 947 1802 ένοέτητ
977 1725 1054 1808 ὅραι
1085 1732 1307 1792 καταπλεῦσαι
1335 1763 1383 1778 -

195 1851 225 1914 ἐν
262 1854 400 1930 Δελφοῖς
431 1849 639 1931 καλλιερήσας
672 1848 741 1938 (pro
765 1847 1041 1936 καλλιερησαντα).
1090 1847 1283 1915 Nominetiri
1305 1847 1384 1912 οέπο-

196 1971 344 2052 έεαρήσας
369 1983 401 2036 et
420 1969 637 2048 ποιησάμενος,
663 1971 717 2058 qui
741 1980 927 2033 manserunt
950 1968 1077 2047 intueti,
1103 1989 1171 2033 rem
1195 1967 1382 2035 conficiunt.

243 2090 315 2157 Una
347 2091 452 2156 littera
483 2089 585 2155 deletu
616 2088 768 2152 damnum
797 2087 940 2154 resarciri
962 2101 1064 2178 potest
1087 2111 1104 2153 ο
1128 2089 1238 2154 scribis
1259 2089 1387 2155 illatum

199 2211 237 2276 fr.
273 2211 360 2276 xlx.
410 2211 492 2276 Nem
521 2211 591 2300 quis
614 2209 721 2276 credet
744 2209 863 2276 Graece
887 2209 950 2275 diei
972 2231 1063 2299 posse
1085 2207 1115 2274 ἕν
1136 2209 1304 2294 εέοφαλεέρι
1328 2234 1385 2274 κα·

197 2333 358 2397 παιιεῖσέοιι
393 2335 448 2408 την
482 2331 561 2397 ἰδέαν
595 2331 695 2413 οέρχιέν
733 2353 790 2422 pro
825 2333 856 2397 έν
886 2333 1035 2415 οέσφαλεῖ
1061 2333 1126 2397 xri.
1139 2379 1148 2410 ‚
1194 2331 1279 2420 quod
1318 2333 1387 2397 sine

197 2451 294 2546 dubio
326 2451 462 2518 Diodoro
485 2449 692 2518 reddendum.
742 2451 813 2518 Non
842 2454 960 2518 maiore
986 2451 1150 2518 molimine
1173 2475 1252 2542 opus
1274 2465 1322 2518 est
1346 2451 1387 2517 ad

199 2573 383 2664 corrigenda
407 2575 587 2663 sequentia:
613 2575 719 2653 ιὶγαέη
742 2575 805 2655 γὰρ
830 2578 847 2651 ἡ
870 2574 955 2654 τύχη
979 2575 1023 2639 τὰ
1045 2574 1215 2654 βεβηκέναι
1236 2576 1385 2640 tentore

198 2697 351 2779 ἀσφαλῶς
376 2695 620 2778 ἀναστρέψαι,
645 2695 720 2774 ubi,
745 2695 769 2760 si
797 2715 951 2783 usquam,
973 2695 1145 2783 requiritur
1167 2691 1384 2776 ἀνατρέψαι,

198 2817 219 2882 i.
246 2841 276 2882 e.
302 2825 476 2896 evertere,
501 2829 532 2882 et
556 2817 600 2881 sic
623 2817 742 2905 opfime
765 2813 854 2881 rideo
877 2813 999 2880 dedisse
1022 2813 1214 2894 Mullorum,
1240 2815 1385 2903 quumvis

197 2939 331 3003 insoium
355 2937 438 3003 hene
460 2939 560 3026 ipsam
584 2937 753 3002 lectionem
777 2959 843 3002 esso
866 2936 899 3001 in
921 2935 1123 3027 palimpsesto
1148 2937 1313 3004 Vatioeno.

244 3058 329 3124 Duas
366 3079 539 3148 proponam
575 3059 770 3125 coniecturas
805 3079 920 3147 eosque
952 3058 1047 3148 plene
1074 3059 1262 3124 necessarius
1283 3059 1317 3122 in
1340 3059 1382 3125 fr.

201 3179 310 3247 XXIII
343 3179 433 3266 (ΠΙ
462 3182 480 3265 §
508 3183 554 3260 l).
603 3179 745 3244 Primum
770 3180 872 3259 enim,
897 3179 945 3246 uti
967 3201 1054 3245 nuno
1076 3179 1265 3269 vulgentur,
1290 3179 1386 3245 intel·

198 3301 253 3392 ligi
277 3313 440 3391 nequeunt
463 3299 584 3366 verber
608 3299 681 3366 καθὸ
703 3295 787 3365 οἷοίτ’
809 3295 885 3374 ἦσαν
909 3299 1134 3380 ἕπεκρύπτοντο
1156 3302 1212 3375 την
1236 3300 1384 3381 rietes·

199 3447 261 3489 τιν
291 3423 341 3488 δια
364 3423 419 3497 την
440 3423 499 3489 τῶν
523 3421 679 3500 Ῥωμαέιον
703 3421 867 3502 ὑπεροχήν.
916 3417 1026 3486 Sermo
1050 3433 1096 3486 est
1119 3419 1159 3486 de
1184 3419 1275 3486 Asiae
1298 3423 1384 3510 regi-

199 3543 279 3624 bus,
305 3565 437 3634 regnum
462 3565 553 3607 suum
579 3563 705 3630 quoque
729 3542 865 3606 militum
890 3542 980 3630 eopia
1004 3553 1035 3607 et
1058 3541 1173 3606 divitiis
1189 3541 1387 3607 confirmen-

201 3663 302 3744 tibus,
324 3665 379 3753 qui
395 3677 518 3743 temen,
539 3685 580 3729 ne
594 3663 751 3728 Romanos
764 3661 973 3728 offenderent:
997 3661 1235 3742 έπεκρύπτοντο,
1259 3663 1384 3752 opinor,

200 3787 255 3860 την
278 3785 376 3851 ἰδέαν
400 3783 539 3866 αἵρεσιν
562 3785 612 3850 δια
635 3787 690 3861 την
710 3784 937 3862 πῶνῬιομαέιον
950 3785 1121 3865 ὑπεροχήν,
1148 3785 1170 3849 i.
1185 3807 1214 3849 e.
1229 3783 1384 3850 studium

201 3929 298 3971 εααιιο
333 3905 483 3994 (eugendi
516 3906 704 3996 potentium)
741 3907 970 3971 oemttabanr.
1021 3905 1104 3972 Usus
1138 3905 1283 3971 adieetiri
1312 3905 1386 3981 έδιος

203 4027 287 4119 opud
320 4028 448 4092 seriores
480 4049 537 4116 pro
570 4027 756 4115 pronomine
791 4027 958 4106 refleriro,
995 4027 1099 4092 notior
1129 4049 1225 4115 quom
1250 4027 1304 4115 qui
1331 4025 1386 4092 hic

200 4149 370 4242 probetur,
407 4147 490 4238 opud
525 4159 667 4212 nostrum
699 4159 745 4213 est
778 4149 931 4237 imprimis
961 4149 1120 4237 frequens.
1171 4149 1272 4234 Quem
1292 4147 1390 4216 ieoile

200 4286 306 4337 eutem
340 4275 646 4334 THNAIAIPeCIN
680 4289 715 4332 ex
743 4275 1095 4334 THNrnlnntbecsst
1118 4269 1204 4333 nasei
1227 4269 1387 4357 potnerit,

205 4405 251 4457 est
283 4393 316 4456 in
352 4390 469 4479 aprico.
520 4387 557 4452 ln
593 4387 723 4476 Polybio
747 4411 810 4453 non
831 4389 1013 4480 infrequens
1036 4401 1083 4456 est
1106 4411 1179 4455 usus
1202 4387 1391 4455 substantivi
1458 4375 1459 4393 ¹

207 4507 319 4590 αἵρεσις
354 4533 391 4576 eo
428 4529 539 4586 sensu,
577 4529 640 4596 quo
676 4510 771 4574 celeri
806 4523 837 4574 et
861 4509 1015 4575 Diodorus
1038 4511 1208 4590 προαέρεσις
1238 4509 1390 4576 adbibere

211 4630 344 4694 molunt.
372 4629 459 4714 Quod
475 4629 599 4717 saepius
611 4627 685 4694 olibi
698 4653 769 4695 eum
783 4631 891 4697 iecisse
909 4643 1049 4711 constet,
1068 4633 1162 4698 etism
1182 4629 1269 4696 huno
1284 4631 1393 4698 locum
1457 4673 1458 4713 ,
