2998 4998
4 523 6 574 ,⁸
116 530 297 586 p.e.¹.p.t.v.
325 541 351 570 vs.

145 664 190 726 76
218 665 280 726 193
351 664 369 724 1

141 908 183 968 77
234 927 254 964 »
325 906 389 966 11

141 1028 275 1090 78338
325 1025 365 1088 11

142 1149 185 1211 79
233 1169 254 1208 ν)
326 1149 367 1210 31

140 1269 275 1333 81334
324 1269 366 1330 16

154 1411 175 1450 νο
212 1390 275 1452 115
347 1393 365 1452 5

141 1511 183 1574 81
233 1531 253 1570 ιι
325 1509 367 1571 11

150 1651 173 1694 π
230 1652 253 1691 >›
323 1633 362 1694 31

152 1775 174 1814 ))
234 1773 256 1812 ))
338 1771 358 1812 >)

153 1895 175 1934 ιι
213 1873 277 1934 126
348 1872 367 1932 1

142 1995 186 2058 83
234 2015 255 2054 »
328 1994 368 2054 18

154 2137 175 2174 ιι
235 2135 255 2172 ν)
327 2115 368 2174 11

142 2238 184 2300 81
233 2257 255 2294 υ
326 2235 368 2296 19

153 2378 174 2416 τι
214 2357 274 2418 161
329 2356 367 2416 15

140 2481 184 2541 85
234 2497 255 2538 ν)
326 2477 368 2538 15

153 2621 174 2658 ω
235 2620 257 2658 >ν
327 2597 369 2659 18
423 2591 425 2597 ’

150 2741 172 2782 οι
234 2739 255 2781 »
325 2718 367 2780 31

711 345 731 405 9

516 529 567 572 Luem.
581 543 617 571 τεο.
632 530 676 572 uni.

438 665 495 726 τῶν
520 661 731 744 συναχθέντων

436 903 605 984 μειρακίου

435 1025 487 1090 ιιαί
511 1027 634 1103 μνήμης
658 1024 742 1108 ἔχειν

437 1147 677 1229 κατεκεχιθριτο

435 1266 680 1347 τεθαυρικθτας

435 1388 677 1469 εὐονχηθέντων

437 1509 489 1574 καί
513 1509 631 1583 άληθὲς

434 1630 473 1702 ὦς
497 1628 614 1694 ἐπίπαν
635 1631 661 1694 οἱ

438 1751 472 1815 δί
505 1752 603 1815 αὐτὸ
627 1750 756 1828 μέγεθος

437 1864 514 1934 εἶναι
537 1877 646 1951 ψυχῆς
667 1869 672 1960 ί
738 1950 742 1958 ,

437 1987 531 2068 ὄνομα
555 1987 588 2064 ἦν

438 2110 491 2175 καὶ
515 2115 565 2175 νῦν
588 2110 695 2188 ὁμοίως

437 2232 688 2306 τελευτησάντων
709 2229 713 2319 Ι

438 2351 595 2434 θυμάζειν

438 2473 552 2539 τούτων
576 2473 718 2556 ῥηθέντων

438 2593 548 2672 μεγάλ
558 2617 587 2658 οι
596 2617 615 2674 ςΙ

436 2709 652 2796 άναοτρὲψαι

139 2840 275 2904 86161
325 2843 361 2900 11
433 2835 586 2914 βασιλεύς

153 2983 174 3022 »
236 2983 258 3020 ν)
330 2961 368 3020 11

153 3105 175 3142 ιι
237 3103 258 3141 ›>
328 3081 365 3142 11

438 2959 540 3036 οίκτῷ

439 3079 597 3158 περιπείαν

440 3444 513 3506 ὑπὸ
537 3448 594 3506 τῶν
619 3447 673 3514 τῆς

439 3586 497 3642 ταρ
507 3561 523 3626 ά
532 3585 592 3642 χον

437 3707 456 3748 ιι
467 3682 598 3762 κίβδηλα

442 3803 643 3878 θυσκυνηοίαν

442 3927 497 4001 την
521 3923 699 4004 μεγάλην

441 4049 472 4112 ἐν
497 4046 687 4128 Κελτιβηρίορ

441 4167 637 4244 έξεπέστειλε

443 4411 512 4482 τοὺς
536 4407 721 4480 κωλύοντας

977 531 1029 572 Lem.
1042 541 1089 583 qun
1102 531 1146 573 exh.
1160 532 1200 570 eod.

894 668 951 727 τῶν
976 662 1188 744 συναχθέντων
1214 680 1304 742 χρη·

935 782 1071 860 μάτων

894 903 1088 984 μειρακείου
1114 903 1185 989 (sic)

892 1025 944 1092 καὶ
978 1026 1045 1090 διά
1074 1025 1197 1104 μνθνιι
1220 1022 1304 1105 ἔχειν

894 1148 1159 1230 κατεισεχιθριστο

894 1267 1193 1350 τεθησαυρικθταο

862 1387 863 1392 ’
893 1388 1141 1470 εὐτυχηθέντων

894 1510 947 1574 καὶ
971 1508 1118 1585 τάληθές

891 1633 930 1703 ὥς
954 1630 1071 1696 ἐπίπαν
1094 1630 1169 1711 γάρ
1193 1631 1218 1694 οἱ

896 1752 958 1816 διά
982 1755 1021 1816 τθ
1045 1751 1176 1830 μέγεθος

893 1866 970 1936 εἶναι
991 1869 998 1959 ί
1017 1877 1127 1952 ψυχῆς

893 1988 987 2068 θνομα
1010 1990 1202 2072 πρότερον
1226 1989 1259 2068 ἦν

890 2111 942 2176 καὶ
956 2115 1006 2176 νῦν
1029 2113 1073 2182 ὡς
1096 2113 1202 2190 ὁμοίως
1217 2115 1301 2202 (sic.)

892 2231 1085 2306 τελευτησάν
1105 2232 1110 2322 Ι
1130 2257 1188 2300 των

894 2353 1084 2435 θαυμάζειν

895 2479 1000 2538 τοῦτον
1026 2475 1095 2564 (sic)
1116 2477 1258 2558 ῥηθέντων

892 2592 1075 2671 μεγάλαις

891 2714 1075 2796 άνάτρέψαι

892 2837 906 2899 θ
929 2835 1081 2914 βασιλεύς

894 2959 1020 3038 οἰκτρῷ

894 3078 1090 3158 περιπέτειαν
1139 3082 1304 3149 manifesto

939 3197 1026 3280 cod.;
1077 3224 1168 3266 suum
1209 3205 1306 3293 ipsius

940 3342 1080 3386 errorem
1104 3324 1238 3388 correxit
1261 3323 1304 3389 Μ.

896 3442 974 3507 άπὸ
998 3450 1057 3508 τῶν
1079 3453 1135 3519 τῆς

897 3564 1042 3642 ταρίχου
1074 3577 1105 3628 et
1128 3565 1172 3628 sie
1195 3587 1237 3628 vs.
1263 3569 1304 3630 31

895 3681 1046 3760 κίβδηλα

894 3801 1103 3877 δυσκινησίαν

897 3925 952 3997 τὴν
975 3926 1167 4002 μεγίστην

898 4046 927 4110 έν
949 4055 995 4127 τῇ
1019 4047 1208 4131 Κελτιβηρίιρ

899 4164 1103 4242 ἐξαπέστειλε
1126 4170 1192 4258 ipse
1216 4169 1302 4249 cod.;

943 4301 978 4352 ut
1010 4291 1142 4354 correxit
1166 4289 1232 4354 scil.
1262 4289 1304 4355 M.

898 4407 968 4479 τοὺς
991 4411 1207 4482 κωλύσοντας

444 4533 473 4596 ε’ν
490 4525 539 4604 αίς
561 4525 594 4603 ἦν
616 4529 675 4596 ε’πί
696 4537 851 4602 πολλοῖς
899 4528 930 4592 ἐν
954 4525 1003 4600 αἷς
1029 4525 1062 4602 ἦν
1080 4529 1146 4593 σὺν
1165 4527 1305 4600 άλλοιο

1099 4651 1116 4700 1
