2990 5012
681 441 720 504 31

185 631 291 700 Donec
324 631 409 700 enim
441 631 537 700 certis
572 629 726 718 exemplis
764 628 842 695 mihi
876 627 991 716 aliquis
1023 627 1262 694 demonstrave-

139 747 181 814 rii
205 761 420 835 καταφρονεῖν
445 748 485 816 ab
509 745 653 834 antiquis
688 745 751 812 dici
776 765 836 832 pro
852 752 1066 830 σεμνύνεσθαι
1091 743 1139 808 vel
1163 771 1268 826 uomu-¹

139 865 348 953 λαυχιῐσυαι,
380 861 578 952 probabilius
606 863 722 930 ducam
746 860 911 948 antiquam
941 859 1136 946 scripturam
1163 857 1263 923 fuisse

140 981 250 1063 μέγα
283 981 440 1065 φρονοίισ,
472 979 558 1046 unde
592 977 732 1065 primum
755 974 1006 1062 μεταφρονοῡσ’
1031 972 1147 1040 deinde
1165 999 1264 1040 κατα-

142 1090 290 1177 φρονοῦσ’
315 1103 507 1180 prognatum
535 1110 616 1159 esse.
666 1089 800 1156 Prorsus
821 1099 930 1156 autem
956 1087 1059 1156 simile
1084 1098 1149 1166 est,
1176 1085 1264 1174 quod

141 1203 316 1293 Sophocles
340 1205 417 1272 dieii
440 1203 516 1274 Oed.
542 1204 577 1272 R.
604 1208 707 1272 1078:
734 1217 753 1292 η
777 1204 807 1272 δ’
828 1202 885 1273 οὖν
910 1208 986 1284 itm,
1012 1214 1161 1291 φρονεῖ
1189 1210 1263 1298 yria
1335 1223 1337 1227 “

141 1326 191 1398 ῶς
216 1330 321 1406 γυνὴ
344 1325 462 1404 μέγα.

187 1433 340 1502 Novimus
365 1437 476 1503 eadem
499 1444 567 1502 arte
589 1434 742 1522 magistra
766 1432 845 1500 nihil
865 1433 1068 1522 hequentius
1093 1453 1164 1501 esse
1188 1453 1264 1499 eon-

142 1547 268 1616 iusione
295 1549 411 1617 vocalis
442 1567 464 1616 ᾰ
500 1570 575 1616 eum
604 1547 806 1637 diphthongo
830 1565 875 1615 ευ.
916 1546 995 1614 Vide
1018 1547 1099 1614 Bast.
1133 1568 1163 1635 p.
1191 1548 1263 1613 756.

143 1661 242 1731 Cuius
265 1663 312 1731 rei
339 1664 546 1732 immemores
570 1662 628 1730 viri
651 1662 737 1730 docti
762 1661 903 1750 graviter
931 1661 1111 1730 titubarunt
1134 1661 1166 1730 in
1196 1683 1267 1729 eor·

144 1778 279 1866 rigando
302 1780 373 1847 loco
395 1779 573 1846 Marinum
597 1799 647 1868 ap.
672 1777 759 1846 Stoh.
785 1778 866 1844 nor.
893 1777 996 1844 xuu.
1022 1767 1085 1844 3'o:

322 1901 409 1981 είπερ
434 1912 491 1964 τόν
513 1897 693 1962 ἀδικοῦντα
720 1901 794 1978 μὲν
819 1901 870 1971 ῶς
893 1902 1029 1978 ἠμύνετο

321 2013 455 2089 ἕκαστος
477 2020 553 2096 η’μῖν
577 2025 631 2076 καί
656 2015 893 2096 συνηγωνίζετο

321 2130 426 2205 ἴσως,
453 2129 593 2211 νομίζων
619 2127 704 2192 ίδιον
732 2123 815 2192 εἶναι
842 2131 877 2190 τὸ
903 2129 1034 2207 γεγονὸς

319 2245 462 2327 ἀδίκημα
480 2247 533 2306 καί
551 2249 810 2326 συνεπρὰττομεν
828 2240 979 2321 ἀλληλοις
995 2269 1038 2306 πι
1050 2247 1169 2321 ιιρῶς.

319 2358 376 2422 ουκ
400 2364 443 2425 ἂν
471 2363 523 2423 ε’πί
548 2359 661 2424 πλεῖον
686 2364 721 2424 τὸ
746 2365 846 2424 κακὸν
872 2365 947 2439 η’μῖυ
967 2359 1079 2442 ηὔξετο

319 2475 355 2536 τὸ
381 2477 446 2538 τῶν
470 2479 621 2557 πονηρῶν
648 2479 713 2538 κτὲ.

189 2583 300 2673 Neque
325 2584 410 2651 enim
443 2583 574 2651 Grotius
604 2585 774 2674 scribendo
800 2589 944 2670 ἀσμένως
967 2583 1096 2672 linguae
1129 2583 1268 2653 Graecae

145 2720 252 2787 neque
274 2699 416 2767 Mainake
440 2699 633 2788 corrigendo
657 2702 814 2787 ἐπιμελῶς
843 2699 942 2767 menti
968 2711 1081 2788 poetae
1102 2699 1268 2769 satisfecit.

147 2814 282 2903 Unique
307 2835 383 2882 vero
407 2814 592 2883 consultum
619 2815 696 2895 erit,
723 2816 749 2882 si
771 2814 910 2882 scribas:

322 2935 411 3016 εἴπερ
433 2937 488 3000 τὸν
513 2931 679 2999 ἀδικοῦντ’
704 2935 887 3018 εὐμενῶς
911 2938 1046 3016 ἠμύνετο

325 3047 459 3124 ἕκαστος
485 3056 596 3132 ἡμῖν.

190 3160 310 3228 Deinde
344 3161 430 3228 haud
458 3160 556 3228 dubie
584 3160 823 3248 transponenda
852 3169 928 3228 sunt
955 3159 1107 3227 voeabula
1140 3162 1212 3235 ἴσως
1236 3169 1268 3225 οι

143 3285 275 3360 πικρῶς.
323 3275 401 3342 Nom
427 3276 548 3364 optime
572 3275 795 3364 intellegemus
821 3277 990 3365 sequentia
1014 3277 1060 3344 sie
1085 3286 1267 3344 correctae

146 3390 359 3472 Franckenu,
387 3389 456 3458 viro
481 3389 696 3458 amicissimo:

730 3515 785 3576 καί
810 3511 1046 3594 συνηγωνίζετο

279 3634 449 3708 πικρῶς,
478 3625 617 3703 νομίζων
644 3621 835 3690 hiiensium
861 3629 896 3690 τὸ
922 3630 1054 3704 γεγονὸς

270 3739 433 3824 ,α’ῶίκημοι,
462 3743 516 3803 καί
542 3747 802 3822 συνεπράττομεν
828 3739 992 3820 ἀλληλοις,
1020 3743 1118 3816 ἰ’σως

279 3854 335 3920 οὐκ
357 3857 400 3922 ἂν
428 3858 480 3921 ε’πί
505 3854 618 3921 πλεῖον
643 3859 679 3920 τὸ
697 3860 798 3921 κακὸν
823 3861 899 3938 η’μῖν
926 3856 1039 3940 ηὔξετο

277 3973 312 4034 τὸ
338 3975 403 4036 τῶν
430 3973 595 4054 πονηρῶν.

189 4080 278 4148 iuvat
301 4101 387 4147 nuno
411 4099 495 4147 novo
519 4080 665 4167 exemplo
689 4080 878 4160 ostendere,
904 4103 1000 4170 quam
1030 4079 1115 4149 utilis
1143 4081 1184 4150 sit
1208 4083 1269 4150 ari-

141 4197 206 4264 tieo
239 4195 397 4262 variarum
426 4194 596 4262 lectiorum
626 4215 710 4283 qaae
736 4197 890 4264 dieumur
912 4198 1048 4285 diligens
1074 4199 1266 4266 observatio.

142 4309 308 4380 h'leditanti
330 4309 408 4376 mihi
428 4330 533 4398 nuper
551 4311 591 4376 de
610 4309 739 4377 Dmnnr
756 4312 827 4380 loeo
840 4313 926 4400 apud
943 4313 1116 4382 Stohaeum
1131 4314 1194 4381 XCI
1212 4319 1267 4380 17:

279 4434 482 4516 ἰσχυρότερον
508 4431 607 4512 κρίνω
629 4435 664 4494 τὸ
684 4434 813 4515 χρυσίον
839 4431 934 4496 πολύ·

280 4549 319 4610 τὰ
344 4560 454 4610 πῶντοι
480 4547 581 4629 τούτῳ
609 4544 813 4628 τέμνεται
839 4550 892 4610 καί
919 4553 1096 4632 πράττεται
