2932 5004
759 335 820 396 126

239 519 291 587 Fr.
326 519 371 586 VI
397 522 467 586 init.
493 525 712 594 Πεσινοῦνσος.
761 520 906 586 Genuina
930 519 1030 584 forma
1053 530 1100 584 est
1123 524 1373 592 Πεσσινοῦντος,

192 639 241 710 lb.
275 667 319 709 vs.
353 647 395 708 26
426 642 516 730 lego:
548 639 750 718 ποιησάμενος
781 641 812 705 δὲ
835 640 947 716 λόγους
970 639 1049 704 aiud
1070 647 1128 704 τῶν
1151 637 1294 719 ἐμβόλων
1318 661 1377 728 pro

191 763 258 828 ἐπὶ
283 764 367 840 uri„
391 761 475 850 quod
500 761 656 827 Graecum
676 771 817 826 nonest.
844 759 916 826 Mox
936 783 980 826 vs.
1004 763 1063 824 36:
1087 759 1137 824 ἐπὶ
1161 759 1212 825 σοὶ
1232 757 1378 838 ἔμβολον.

191 883 256 950 Ubi
278 884 497 973 significantur
519 889 640 946 rostra
665 880 844 960 Romana,
871 881 1014 948 usitatius
1038 893 1084 946 est
1109 903 1207 968 genus
1227 881 1379 947 maseuli·

191 1027 269 1070 nuua
291 1006 317 1069 oi
340 1003 479 1083 ἔμβολον.

237 1126 289 1190 Fr.
324 1124 386 1190 vlt
419 1122 521 1211 (XIV)
555 1121 688 1188 absurde
720 1123 883 1212 vulgatur:
917 1122 1109 1202 ῖμπεροῖτοροο
1140 1121 1233 1186 atros
1260 1123 1380 1200 οὶνοογο·

190 1245 283 1327 ρεόειν
307 1245 360 1310 uui
383 1246 587 1308 οῖποιοοιλεῖν.
636 1243 838 1332 Legendum:
865 1243 1058 1308 ἐπικαλεῖν.

236 1367 288 1430 Fr.
334 1365 411 1429 VIII
452 1363 523 1450 (XV
561 1367 578 1448 §
619 1367 652 1450 2)
696 1363 813 1452 triplici
842 1361 958 1430 mendo
990 1361 1153 1426 liberanda
1180 1374 1253 1428 sunt
1283 1383 1381 1428 voea-

190 1487 265 1552 bula
290 1487 346 1575 (vs.
373 1485 451 1570 27):
478 1484 607 1566 πινοιροὶν
630 1485 661 1550 δὲ
684 1483 1009 1566 μετοομφιοοσοόμενος
1036 1483 1178 1569 (ἐσθῆτος)
1202 1482 1253 1548 κον)
1278 1483 1380 1560 κόμην

190 1608 243 1672 νοσοῖ
275 1609 406 1683 πώγωνος
437 1605 555 1686 τρέφων
578 1607 692 1686 περιῄει
716 1605 772 1677 εἷς
796 1605 865 1677 τοὺς
890 1605 975 1669 κοντόν
998 1606 1053 1678 τὴν
1076 1603 1163 1670 πόλιν
1185 1603 1296 1685 ὄχλους
1321 1604 1379 1670 nai

189 1737 250 1802 σοῖς
275 1729 330 1806 μὲν
350 1726 422 1809 πρὸς
442 1726 485 1791 σοὶ
509 1727 629 1804 νόνυσοι
653 1725 773 1790 πίπτων
796 1733 859 1797 σοῖς
881 1725 912 1790 δὲ
933 1732 1003 1794 σοιῖς
1022 1725 1128 1806 χερσὶν
1149 1723 1377 1807 ἐπιφυόμενος

189 1850 283 1915 ἐδεῖτο
313 1849 378 1914 κπὲ.
427 1847 589 1936 Cortigas:
623 1848 753 1928 πινοοροὶν
784 1847 815 1912 δὲ
838 1845 1168 1928 μεταμφιεσάμενοι
1191 1881 1237 1894 --
1259 1848 1380 1926 περιῄει

193 1970 263 2058 [εἰς]
287 1971 357 2042 τοὺς
382 2005 426 2017 -
448 1967 560 2049 ὄχλους
581 1967 634 2034 nui
658 2005 703 2016 —
725 1976 787 2041 τοῖς
808 1967 839 2031 δὲ
858 1975 929 2040 πυῖς
949 1967 1056 2048 χερσὶν
1080 1965 1286 2046 ἐμφυόμενος
1306 1969 1378 2032 νιτὲ.

191 2093 267 2176 Quis
290 2093 415 2179 ignorat
439 2113 561 2156 uersum
585 2089 807 2167 Homericum,
833 2090 888 2176 qui
910 2089 1001 2154 toties
1013 2087 1164 2154 recurrit:
1187 2085 1217 2152 Is
1230 2087 1260 2151 τ’
1273 2085 1380 2167 etpost

189 2216 235 2294 φῦ
259 2211 339 2292 χειρὶ
361 2209 431 2282 ἔπος
455 2213 484 2274 τ’
508 2209 605 2291 ἔφαντ’
629 2209 663 2274 ἔκ
687 2211 716 2273 τ’
741 2209 912 2290 σ’νόμοοζενῖ
946 2209 1038 2294 Quod
1058 2208 1097 2274 ad
1109 2208 1380 2299 praepositionem

189 2333 320 2409 attinet,
348 2353 443 2419 quam
463 2330 702 2419 edittographia
723 2344 829 2396 natam
845 2343 916 2420 post
931 2334 1042 2416 περιῄει
1056 2332 1207 2420 expunxi,
1230 2329 1379 2396 conferas

187 2475 217 2517 ι.
240 2475 270 2517 e.
292 2451 347 2517 lib.
364 2450 408 2516 XI
421 2473 449 2516 o.
466 2454 527 2516 57:
553 2453 665 2532 περιῄει
690 2451 758 2522 τοὺς
782 2453 921 2532 οῖρόσσους
946 2457 1004 2516 σῶν
1028 2457 1148 2532 Περσῶν
1161 2449 1290 2528 οῖξιοῦσοι
1303 2453 1376 2518 xre.

187 2573 235 2638 Ita
264 2573 364 2638 solent
388 2594 512 2652 omnes,
543 2595 646 2660 neque
670 2572 761 2637 aliter
785 2571 904 2637 Graece
926 2571 1020 2638 scribi
1043 2583 1155 2660 potest.
1205 2571 1312 2638 Restat
1336 2572 1376 2636 in

186 2693 246 2760 hoe
277 2705 421 2783 excerpto
449 2692 664 2758 emendandus
696 2715 739 2756 ss.
770 2696 834 2758 25:
862 2693 912 2758 διὰ
935 2693 970 2758 τό
994 2691 1123 2770 μέγεθος
1146 2697 1204 2758 σῶν
1229 2693 1376 2758 ὑποκει-

186 2816 281 2893 μένων
312 2817 446 2892 ἀγώνων.
495 2814 650 2903 Equidem
684 2827 769 2879 certe
802 2814 912 2878 malim
944 2813 1163 2891 ἐπικειμένου
1196 2815 1217 2878 i.
1250 2837 1278 2880 e.
1305 2817 1377 2878 im-

187 2939 413 2998 mittentium..

538 3175 636 3242 ABN.
665 3175 721 3242 XI)
746 3174 826 3243 L1B.
856 3175 1019 3242 XXXVII.

229 3417 282 3486 Fr.
308 3419 377 3510 I'p.
406 3423 487 3486 168:
514 3421 616 3485 ἐκεῖνοι
640 3421 712 3497 μὲν
736 3419 817 3484 ἔτεσι
837 3419 911 3484 δέκα
932 3419 991 3492 τοῖς
1012 3421 1041 3484 ἐν
1061 3429 1100 3501 σῄ
1122 3416 1242 3500 Τρῳάδι
1261 3415 1375 3494 πόλεις

182 3542 451 3619 κατεπολέμησαν.
500 3539 603 3629 Lege:
631 3539 734 3605 ἐκεῖνοι
759 3541 831 3618 μὲν
857 3541 893 3604 ἐν
919 3538 1000 3604 ἔτεσι
1024 3541 1090 3604 κσὲ.
1126 3537 1221 3604 ffbid.
1244 3563 1277 3628 p.
1301 3541 1374 3606 169

183 3680 227 3728 ιε.
253 3667 273 3727 9
299 3663 326 3752 (Ι
351 3665 367 3748 S
394 3663 445 3748 4):
473 3666 615 3739 Ῥοιμοοῖσι
640 3661 725 3725 κισσός
749 3662 817 3731 τοὺς
840 3659 1066 3740 νεωτερικοὺς
1091 3661 1210 3740 καιροὺς
1236 3659 1375 3739 δορίκτη-

181 3803 231 3847 τον
255 3783 433 3859 ε’ποιῄσοουτο
457 3783 511 3856 siv
535 3781 738 3848 Μυκεδονόοον.
788 3781 896 3846 Voluit
915 3781 1044 3870 opinor:
1068 3781 1153 3846 κοντόν
1173 3781 1243 3854 τοὺς
1263 3781 1373 3845 νεωτέ-

181 3925 262 3983 ρους
293 3903 410 3984 καιροὺς
442 3903 526 3980 νοτε,
557 3925 631 3966 nani
664 3901 749 3990 quod
775 3901 923 3990 nauigatur
946 3901 1116 3966 barbarum
1139 3914 1196 3966 est.
1246 3901 1369 3980 Recte,

181 4025 207 4088 si
229 4024 310 4088 sorte
333 4023 391 4088 tibi
414 4047 478 4088 non
501 4022 692 4112 persuadeo,
717 4021 828 4088 eadem
851 4023 944 4088 verba
969 4025 1083 4112 scripta
1107 4024 1246 4090 invenIes
1270 4024 1370 4090 infr.

181 4144 230 4210 III
254 4143 288 4209 h.
314 4143 336 4208 I.
363 4165 406 4208 vs.
434 4148 488 4208 34.

225 4267 389 4330 Lacunosa
411 4275 483 4328 sunt
503 4287 585 4352 quae
605 4263 809 4354 leguntnrib.
828 4287 871 4329 ιε.
901 4268 960 4330 te:
982 4265 1138 4345 Κίμβρους
1164 4263 1195 4330 δὲ
1219 4270 1288 4336 τοῖς
1309 4266 1375 4344 μὲν

180 4385 294 4466 ὄψεσι
327 4385 442 4464 μόνοισι
467 4389 693 4466 παρεμφερεῖς,
715 4393 786 4457 σοοῖς
810 4385 836 4449 δ’
860 4387 975 4459 οῖλκοιῖς
999 4387 1260 4468 σῖιυπερβλῄπους·
1287 4383 1376 4455 οὗτοι

181 4504 244 4583 γὰρ
268 4508 332 4570 κσὲ.
371 4503 592 4596 Supplendum
605 4503 749 4570 videtur:
774 4505 928 4588 Κίμβρους
942 4508 973 4573 δὲ
988 4505 1030 4595 (τό
1042 4507 1090 4572 δεῖ
1099 4507 1151 4573 nai
1164 4505 1281 4592 λέγειν)
1294 4517 1375 4583 σοοῖς

182 4623 247 4690 usi.
296 4624 416 4692 Deinde
441 4651 513 4695 vero
537 4625 642 4692 addita
666 4628 896 4716 praepositione
921 4629 992 4695 vide
1017 4652 1057 4694 an
1082 4627 1282 4695 scribendum
1306 4629 1370 4696 sit:
