2990 5012
229 657 1060 744 βρυοοννοθραουμαγειοληψικερμάτου

231 773 407 860 πληγεὶς
429 777 634 860 οἷνάγκης,
661 773 1041 860 λεπτολογομίσθῳ
1066 777 1191 862 τέχνῃ

229 896 361 956 συνών
388 915 426 956 τε
453 891 551 956 κούκ
575 897 721 956 ἄσκεπτα
746 889 925 972 δυνάμενος
949 890 1057 971 λέγειν
1084 897 1147 956 nti.

185 999 387 1067 Manifestum
413 1013 478 1080 est,
505 1012 539 1068 ut
563 1003 603 1070 de
627 1001 744 1069 ceteris
762 1013 902 1080 taceam,
921 1003 1007 1090 quod
1026 1003 1121 1070 hodie
1138 1003 1262 1091 absque

140 1138 237 1184 sensu
263 1118 413 1204 vulgatur
444 1119 734 1204 ληψιλογομίσθῳ
763 1118 1000 1205 (λιψιγομιόθῳ
1027 1127 1076 1184 est
1101 1117 1132 1184 in
1158 1118 1262 1196 redd.)

140 1253 199 1322 pre
224 1235 532 1320 λεπτολογομίοθῳ
562 1231 636 1300 inde
662 1232 872 1321 dep'ravatum
898 1253 986 1310 esse,
1020 1235 1108 1322 qued
1138 1233 1261 1302 scribae

140 1350 224 1416 oculi
257 1350 447 1418 aberrarunt
471 1349 510 1415 ad
540 1347 797 1437 superscriptum
826 1348 902 1416 iilud
929 1352 1201 1440 ληψικερμάιυυ
1223 1352 1262 1435 ¹).

142 1465 306 1553 Frequens
331 1464 389 1530 l'uit
413 1463 440 1530 is
465 1464 656 1530 mendorum
683 1463 788 1550 origo,
816 1475 988 1552 potestque
1006 1464 1103 1532 huius
1132 1465 1177 1532 rui
1207 1466 1263 1532 ob-

140 1578 278 1646 servatio
303 1589 369 1645 tum
394 1579 463 1646 aiiis
488 1579 566 1646 iocis
591 1601 686 1667 quam
712 1580 858 1669 piurimis
890 1581 1045 1670 prodesse
1071 1591 1139 1648 tum
1175 1603 1264 1670 pruo-

141 1694 227 1760 elaro
250 1694 376 1760 cuidam
402 1695 581 1781 fragmento
610 1694 814 1764 Pnrtenours
844 1695 1069 1763 ΤΙιοὺοιιονιιοι
1096 1718 1145 1786 ep.
1176 1697 1262 1764 stat.

143 1807 248 1876 t‘torit.
276 1808 353 1876 txtt
384 1814 421 1888 8,
446 1811 533 1899 quod
559 1811 606 1878 sic
630 1811 799 1922 scribitur:

275 1929 375 2010 ‘Epeo
399 1936 459 2012 γάρ
484 1931 548 1994 εὀτι
574 1933 681 2012 κύριος
707 1935 766 2010 μὲν
791 1931 835 2006 εἷς
862 1933 957 2014 α’νήρ,

277 2047 391 2109 τούτου
420 2043 454 2108 δὲ
482 2047 536 2108 καὶ
558 2053 612 2110 coir
636 2047 757 2126 μυρίων
784 2044 807 2108 τΙ
821 2043 931 2109 ἄλλων
955 2053 1064 2126 νόμος,

275 2157 429 2242 ἑτέρων
452 2159 623 2241 τύραννος,
650 2165 714 2224 τῶν
740 2163 989 2241 τυραννούντων
1014 2163 1127 2244 φόβος,

275 2271 383 2338 δοῦλοι
407 2271 568 2358 βασιλέων
596 2275 687 2348 εἶοίν,
711 2278 729 2338 ο’
752 2272 903 2359 βασιλεύς
925 2281 1029 2343 θεῶν.

273 2393 291 2453 o‘
318 2392 390 2465 θεὸς
412 2390 566 2472 ἀνάγκης.
591 2395 700 2454 πάντα
720 2385 749 2452 δ’
765 2394 809 2454 ἂν
832 2397 967 2472 σκοπῇς,
992 2387 1073 2465 ὅλως
1280 2449 1285 2482 Ι

274 2504 426 2588 ἑτέρων
452 2528 594 2584 πεφυκεν
618 2502 740 2584 ἥττον’,
766 2496 812 2569 ὧν
837 2503 871 2569 de*
896 2504 1040 2584 μείζονα.

277 2621 445 2693 τούτοις
468 2623 596 2703 ἀνάγκη
617 2627 751 2684 ταῦτα
776 2617 940 2683 δουλεύειν
962 2619 1022 2682 oiri.

187 2729 363 2798 Permirum
388 2739 438 2797 est
460 2729 623 2797 neminem
648 2729 743 2808 dum,
768 2729 855 2817 quod
874 2739 961 2798 certo
987 2731 1100 2808 sciere,
1121 2731 1263 2799 trausisse

141 2845 302 2935 inprime
328 2845 484 2914 vocabulo
507 2865 623 2912 versus
649 2844 722 2923 arii,
748 2865 813 2931 quo
838 2856 969 2933 repente
995 2845 1131 2914 solvitur·
1163 2867 1264 2913 nexus

140 2961 441 3048 argumentationis.
490 2961 574 3029 Haec
606 2973 713 3028 tamen
750 2970 799 3026 est
832 2959 913 3027 adeo
945 2960 1120 3050 pellucido,
1159 2972 1192 3028 ut
1226 2960 1265 3028 sit

141 3075 419 3165 uniuscuiusque,
449 3076 506 3165 qui
530 3077 592 3144 hoc
625 3086 714 3163 agat,
749 3074 951 3164 perspicere,
984 3095 1048 3141 non
1074 3073 1165 3142 aliter
1190 3073 1263 3141 oiim

140 3191 299 3280 scriptum
324 3213 395 3260 esse
420 3191 565 3280 potuisse
589 3211 686 3278 quam
711 3191 810 3257 hocce
835 3191 951 3256 modo:

230 3315 357 3392 νόμου
381 3317 554 3391 τύραννος,
582 3318 647 3375 τών
672 3315 922 3392 τυραννούντων
949 3312 1048 3394 φόβος
1076 3313 1142 3373 uri.

186 3423 323 3511 Apparet
348 3431 455 3490 autem
480 3421 610 3490 librario
636 3419 739 3488 iraudi
763 3420 863 3488 fuisse
887 3419 1013 3487 initium
1039 3441 1086 3487 rs.
1111 3419 1173 3488 ttti:

227 3539 380 3624 ἑτέρων
405 3540 547 3622 πέφυκεν
568 3548 690 3622 ἥττονα
716 3544 782 3604 κτὲ.

185 3651 295 3739 dequo
321 3651 528 3718 manifestum
554 3663 602 3719 est
627 3651 712 3719 inter
736 3672 770 3718 rs
806 3651 907 3717 3tirrrn
933 3659 964 3716 et
989 3653 1079 3715 itum
1105 3647 1263 3735 quaedam

137 3765 359 3844 intercidisse,
393 3765 551 3855 siquidem
584 3788 648 3835 non
685 3766 874 3856 exponitur,
914 3766 1000 3853 quod
1037 3764 1262 3852 exponendum

138 3885 259 3962 suerat,
281 3881 411 3970 quinam
429 3881 494 3950 sint
510 3903 622 3971 repunt
642 3883 747 3960 serui,
766 3881 1039 3971 quemadmodum
1057 3901 1117 3946 ναι·
1134 3891 1182 3945 est
1199 3901 1264 3945 ser·-

140 4019 198 4064 υιιο
222 3997 374 4076 deorum,
401 3998 480 4066 deus
498 3999 711 4065 necessitatis.

184 4111 329 4200 Denique
354 4133 428 4180 cum
453 4111 579 4180 Debreo
603 4113 753 4181 ultimum
779 4135 824 4180 vs.
850 4111 895 4179 sic
920 4107 1064 4198 corrigo:

272 4231 400 4307 οὕτως
424 4232 552 4315 ἀνάγκη
576 4239 714 4298 πάντα
740 4229 907 4298 δουλεύειν
932 4231 993 4292 uiri.

174 4407 197 4466 i)
221 4406 342 4464 Fortasse,
360 4405 413 4468 quio
435 4421 467 4454 rs.
486 4405 605 4468 superiore
623 4405 668 4452 ianr
688 4407 775 4453 mentio
797 4404 856 4452 taeta
875 4414 910 4452 est
931 4403 958 4451 de
975 4401 1093 4460 mercede,
1110 4415 1137 4447 co
1155 4396 1263 4460 progredi

137 4501 192 4550 licet
213 4507 237 4548 ut
255 4499 397 4563 auspicemur
419 4497 718 4564 λεπτολογομύθῳ,
738 4513 783 4562 quo
801 4499 870 4546 simui
892 4495 1028 4559 respiciatur
1043 4493 1147 4544 Platonis
1166 4500 1189 4538 et
1208 4489 1261 4540 Piu-

140 4590 270 4642 topicorum
288 4591 382 4658 mythos
399 4591 496 4655 dialogis
512 4590 560 4640 suis
575 4590 691 4640 inserendi
711 4589 861 4642 cousuetudo.
