2990 5012
693 441 733 502 45

148 641 231 706 xrs„
265 641 297 698 el
324 631 452 716 λάφυρα
481 636 530 694 est
554 625 726 716 appositio.
773 629 811 694 Ὁ
836 637 932 706 παῖς,
958 625 1010 692 cui
1035 646 1110 714 pars
1136 625 1272 714 praedae

148 747 265 836 ulique
285 743 429 812 cedenda
454 753 520 820 est,
538 753 587 809 est
611 741 753 818 ianitor,
776 749 794 810 (1
818 749 972 828 θυρωρός,
995 751 1029 808 ut
1047 739 1124 808 satis
1149 739 1273 828 liquido

149 871 282 949 apparet
313 879 330 926 e
361 879 406 925 rs.
441 855 602 944 sequenti.
649 855 684 922 ln
708 855 802 924 codd.
834 855 953 943 legitur
985 857 1271 944 λαφυροπώλῃ

148 987 394 1044 παντάπασι
418 975 598 1059 μιταδίδ
607 1001 669 1050 ov,
703 991 786 1060 quae
810 972 1008 1039 conclamata
1032 970 1192 1058 scriptura
1213 981 1271 1038 est.

149 1089 230 1169 Quid
256 1109 369 1156 sensus
402 1087 586 1175 requireret
616 1085 678 1154 iarn
703 1086 857 1154 intellexit
884 1086 1053 1174 Ernperius
1079 1085 1271 1154 ooniieiens:

285 1213 330 1274 τὰ
354 1207 532 1288 λάφυρα·
557 1206 729 1288 πυλωρῲ
755 1214 946 1272 παντάπασι
970 1205 1156 1288 μεταδίδου.

147 1321 291 1390 oratione
315 1319 447 1387 minime
472 1318 591 1388 Graeca
615 1339 689 1407 pro:

281 1449 331 1522 τᾴι
358 1439 399 1504 δὲ
425 1445 597 1521 θυρωρῷ
621 1443 813 1502 παντάπασι
840 1435 1029 1517 μεταδίδου.

192 1549 252 1618 Sed
275 1538 418 1638 vpropero
441 1568 557 1614 rursus
581 1547 620 1614 ad
646 1546 798 1625 certiora,
817 1546 911 1633 quale
929 1546 990 1614 hoc
1015 1557 1080 1613 est:
1107 1545 1273 1614 1111103111-

147 1683 214 1732 uun
245 1685 295 1754 ap.
330 1664 444 1732 Athen.
478 1683 508 1751 p.
540 1665 606 1729 560
638 1663 661 1728 A
695 1661 727 1727 in
759 1660 964 1748 Neoptolemo
993 1681 1058 1727 non
1083 1659 1270 1748 scripsisse,

144 1779 234 1867 quod
259 1777 413 1847 traditur:

324 1897 360 1962 οὐ
384 1895 592 1978 συμφέρον
619 1898 678 1960 ιιεά
705 1891 765 1959 ’στι
791 1897 951 1978 πρεσβύτῃ
977 1903 1070 1974 μονή.

146 2007 201 2074 sed
226 2017 436 2093 suppum,
463 2014 499 2072 ut
524 2015 610 2073 recte
634 2003 752 2092 legitur
774 2005 861 2093 apud
887 2004 1110 2073 Tuaoonrnan
1136 2026 1180 2072 rs.
1206 2007 1269 2098 451

144 2133 233 2190 οὗτοι
259 2129 469 2206 σύμφορόν
496 2129 562 2189 ἐστι
582 2133 663 2204 μονὴ
685 2123 742 2188 νέα
764 2122 859 2204 dodel
880 2125 1028 2205 γέροντι,
1045 2139 1144 2207 quem
1164 2118 1270 2186 40011111

145 2232 342 2322 Theophilus
368 2233 521 2300 irnitatur.
1173 2313 1175 2320 Ι

190 2349 285 2437 Apud
310 2351 532 2416 Anrrnnlnuu
561 2349 592 2416 in
620 2349 804 2437 deplinisco
831 2349 896 2415 dno
921 2349 1068 2416 hornines
1096 2349 1141 2416 sie
1170 2349 1267 2416 collo-

146 2476 307 2552 quantur:

280 2585 370 2651 οἶνον
397 2588 516 2651 Θάσιον
542 2589 651 2659 πίνοις
674 2592 733 2656 ἄτα·
757 2589 799 2648 Β.
822 2585 851 2647 εί
875 2610 922 2658 τις
947 2583 1070 2668 ἐγχέαι.

281 2703 326 2764 Α.
352 2703 430 2782 πρὸς
453 2698 642 2782 ἀμυγδάλας
667 2697 700 2762 δὲ
726 2705 794 2772 πῶς
820 2698 917 2781 ὲ’χιις,·
943 2705 985 2764 B.
1012 2703 1192 2784 εἰρηνικῶς.

146 2811 220 2878 Post
235 2811 321 2878 hunc
339 2831 466 2878 versurn
486 2808 689 2878 intercidisse
707 2810 874 2888 nonnulla,
900 2809 931 2876 in
953 2810 1072 2898 quihus
1091 2811 1130 2877 de
1149 2812 1271 2898 lepori-

145 2927 203 2991 lote
230 2937 262 2992 et
297 2926 404 2991 terrulis
432 2924 553 2992 mentio
583 2925 683 3003 heret,
712 2935 845 3013 apparet
862 2944 899 2991 ex
916 2923 964 3002 iis,
984 2945 1067 3011 quae
1085 2925 1267 2992 Athenaeus

146 3038 212 3104 Xll
236 3042 298 3105 641
327 3037 359 3104 F.
386 3037 434 3106 his
458 3038 605 3105 versibus
631 3037 805 3126 praernisil.
854 3037 934 3104 Turn
964 3051 1148 3126 sequuntur
1171 3040 1267 3107 haee:

231 3155 382 3239 ’μαλακὰς
409 3157 531 3238 σφόδρα
560 3155 602 3222 dt’
626 3160 665 3230 ἃς
689 3157 794 3238 μέλιτι
820 3159 1033 3240 προσπαίζειν
1064 3158 1121 3240 βία

51 3269 55 3274 ’
147 3287 231 3353 (puae
249 3279 313 3334 tarn
331 3267 471 3356 pessirne
488 3267 595 3336 habita
620 3277 714 3346 sunt,
731 3279 766 3334 ut
784 3288 819 3334 eo
838 3279 961 3334 tentare
983 3267 1022 3332 sit
1046 3271 1148 3352 πολλὴ
1165 3275 1268 3356 μωρία

144 3390 199 3450 καὶ
228 3398 280 3452 τοῦ
298 3393 554 3478 ἐπιχειρήματος.
586 3381 646 3450 Sed
673 3382 803 3462 rneliuS,
824 3382 950 3470 opinor,
976 3403 1075 3469 quarn
1098 3382 1269 3471 hucusque

144 3498 264 3564 l'arturn
290 3510 339 3566 est
363 3497 517 3565 constitui
542 3507 679 3585 possunt
703 3496 768 3563 duo
793 3495 896 3562 ullirni
921 3515 1034 3562 versus
1060 3495 1146 3563 hice:

190 3621 237 3682 A.
265 3617 448 3702 μελίπηκτα
475 3613 504 3681 d’
522 3619 550 3680 ei'
573 3641 622 3681 σοι
647 3616 841 3698 προσφέροι,Ι
868 3621 910 3679 Β.
935 3619 1137 3698 τρώγοιμι
1161 3619 1230 3679 καὶ

187 3735 252 3812 pido
277 3731 311 3796 δὲ
338 3732 547 3813 καταπίνοιμ’
564 3735 620 3795 ἂν.
648 3733 694 3794 Α.
717 3729 821 3794 ἄλλου
847 3729 897 3795 dei
921 3737 1009 3804 τινος
1018 3753 1030 3801 ;

143 3841 204 3910 Pro
239 3852 442 3929 τρώγοιμι
481 3851 548 3909 καί
583 3840 615 3908 in
641 3840 787 3929 Epitome
823 3839 941 3928 iegitur·
966 3842 1162 3928 τρώγοιμ’
1196 3851 1268 3922 ἅν,·

142 3957 230 4026 unde
255 3956 420 4046 suspicor:

551 4067 556 4080 ⁵
656 4081 698 4141 B.
725 4082 877 4160 rpdryotp'
894 4082 950 4142 ἄν.
979 4083 1026 4141 Λ.
1053 4081 1080 4139 τί

320 4195 385 4276 ᾠὸν
411 4193 460 4264 de';
489 4197 522 4256 B
547 4187 758 4272 καταπίνοιμ’
778 4197 821 4256 oin
848 4196 913 4256 κτί.

187 4300 297 4370 Finern
320 4301 370 4370 his
394 4301 674 4370 obseruationibus
699 4301 859 4391 irnponanr
889 4303 1163 4382 demonstrando,
1190 4304 1268 4370 laiso

139 4416 180 4484 ah
204 4417 368 4484 Athenaeo
393 4417 417 4484 X
444 4439 473 4506 p.
502 4420 568 4484 423
591 4417 624 4485 C.
649 4419 839 4484 Anrrrunru
857 4417 954 4486 tribui
978 4419 1193 4506 fragmentum
1215 4440 1267 4487 co·
1375 4403 1376 4408 ¹

140 4531 304 4611 moedice,
330 4553 413 4620 quae
438 4536 576 4620 Δίδυμοι
601 4531 854 4612 inscribebatur,
881 4533 997 4600 horre:
