2944 5002
628 351 669 410 55

42 609 43 616 ¹
96 533 251 612 ’λννιβνανόν
295 533 482 612 καλούμενον
515 531 674 610 ἔστησαν.
730 531 962 622 Reponendum
998 532 1243 608 ἐνεστήσαντο.

128 653 165 718 Ib.
195 678 234 720 rs.
272 658 336 720 23:
374 654 425 720 τὸν
453 655 651 734 δ’Ἀννόβαν
673 662 816 734 Ῥωμαῖοι
839 656 912 736 πρός
937 654 1020 730 δίκην
1043 656 1243 733 αι’τησαντες

98 773 130 837 δι’
157 773 187 840 όν
218 776 440 857 παρηνόμησε.
496 775 625 842 Scribe:
663 774 909 854 ἕξαντνὶσαντες
945 774 1010 862 [δι’]
1042 773 1081 842 ὧν
1104 774 1246 856 παρενό-

95 917 165 970 μησε;
183 919 251 962 nam
278 895 384 962 Genit.
410 893 448 961 ὦν
469 895 586 987 pendet
609 919 628 962 u
651 897 844 962 substantivo
869 896 962 972 δίκην.

126 1015 163 1080 Id
185 1016 347 1083 Tretaiana
367 1019 623 1098 παραληρηματα
647 1016 844 1085 emendanda
867 1017 947 1082 mihi
969 1039 1029 1082 nec
1044 1017 1168 1082 animus
1188 1039 1247 1082 nec

97 1135 249 1218 adunent,
274 1139 383 1228 itaque
405 1152 600 1204 transeamus
623 1137 663 1204 ad
686 1138 803 1204 librum
827 1151 1030 1227 sequentem,
1052 1159 1117 1202 non
1139 1149 1247 1202 tamen

96 1257 245 1346 prinsquam
261 1261 295 1324 in
307 1259 347 1325 fr.
363 1260 456 1326 XXII
480 1261 524 1350 (p.
541 1259 595 1348 45)
609 1284 653 1326 rs.
670 1265 689 1325 2
703 1260 841 1326 Diodoro
852 1259 1080 1326 reddiderimus
1101 1259 1248 1324 τανοόκιοι

97 1375 136 1462 (ita
159 1379 234 1444 eninr
264 1380 401 1446 scribere
432 1379 510 1446 solet
533 1403 598 1446 non
621 1381 778 1467 πανοικίᾳ)
804 1403 861 1470 pro
881 1380 1020 1457 πανοικὶ,
1045 1403 1125 1468 quae
1148 1379 1249 1444 forma

94 1495 258 1586 inScJthia
292 1501 396 1590 potius
427 1525 523 1589 quam
551 1503 585 1566 in
614 1501 745 1568 Graecia
769 1513 851 1594 natal
867 1523 933 1566 esse
956 1498 1093 1580 ridetur3
1118 1499 1160 1566 cI.
1186 1499 1250 1566 Lo·

93 1616 160 1683 hert.
191 1619 227 1686 ad
265 1619 483 1709 Phrynichum
518 1645 551 1711 p.
578 1625 643 1688 514
669 1621 839 1711 (Parerg.).
887 1622 1051 1687 Praeterea
1075 1619 1165 1686 valde
1188 1619 1249 1686 du-

93 1735 139 1802 bita
167 1739 202 1806 de
232 1741 412 1812 sinceritate
447 1763 578 1821 eornm,
622 1765 703 1831 quae
737 1743 782 1809 sie
816 1742 965 1832 leguntur
999 1740 1074 1806 ibid.
1105 1764 1150 1808 rs.
1185 1745 1244 1806 36:

91 1861 108 1922 si
133 1859 161 1936 δή
191 1887 235 1936 τις
273 1861 339 1926 ἐστὶ
370 1861 476 1944 τέρψις
507 1871 570 1934 τοῖς
598 1863 820 1940 ἀπολλυμένοις
850 1864 877 1927 εἶ
908 1864 953 1939 μὴ
985 1861 1102 1941 δάκρυα
1130 1861 1183 1926 καὶ
1213 1861 1249 1926 τό

89 1991 301 2048 τελευταῖον
325 1984 356 2048 έν
378 1985 420 2064 τῷ
445 1982 497 2064 ζῆν
519 1988 578 2048 τῶν
601 1984 760 2062 συγγενῶν
782 1981 961 2060 ἀσπασμός.
987 1982 1140 2048 Usitatius
1164 1994 1248 2048 certe

90 2098 148 2165 ieret
171 2103 184 2166 ό
210 2111 472 2176 τελευταῖος.
520 2101 641 2170 Ibidem
673 2126 718 2170 νε.
753 2104 911 2170 [rrectius
935 2102 1142 2170 scriberetur:
1169 2103 1246 2174 τινές

89 2217 108 2280 i'
123 2225 336 2306 εὐψυχότατοι
359 2261 404 2274 —-
428 2222 703 2308 ἐπικατέσφαξαν,
726 2247 784 2314 pro
807 2223 1043 2306 εὐψυχοτάτους.

443 2465 543 2532 ΑΒΝ.
571 2465 628 2531 ΑΒ
652 2465 735 2532 LIB.
761 2465 879 2530 XXVI.

118 2687 302 2781 Excerptum
337 2691 352 2757 1
386 2693 498 2758 maiori
533 2716 570 2760 er
604 2705 693 2784 parte
728 2715 792 2758 non
823 2693 884 2757 nisi
913 2691 1034 2758 levibus
1059 2691 1249 2780 quibusdam

88 2809 183 2875 mendis
205 2812 410 2901 inquinatum
434 2826 497 2892 est,
523 2836 604 2902 quae
627 2813 716 2878 nullo
739 2813 865 2904 negotio
889 2813 1100 2902 corriguntur.
1135 2812 1189 2876 Vs.
1208 2815 1248 2878 10

86 2929 275 3020 supplendum
301 2929 373 3022 (ότι)
397 2932 468 2998 οὔτε
488 2937 612 3010 ποιητὴς
637 2935 718 3008 κτὲ.;
738 2957 782 3000 rs.
813 2939 873 2999 15:
901 2933 1022 3006 Φειδίας
1045 2933 1084 3022 (ὃ)
1104 2933 1251 3013 μαλιστα

87 3051 147 3124 arta
177 3077 221 3118 rs.
265 3057 327 3119 te:
369 3050 561 3134 Πραξιτέλης
594 3056 608 3119 ό
644 3053 892 3142 (ε’γ)καταμόξας
923 3091 968 3103 -
998 3063 1060 3129 τοῖς
1083 3094 1129 3105 -
1152 3055 1251 3135 ἔργοις

86 3169 114 3232 τοὶ
131 3209 172 3220 -
193 3173 297 3249 ποόόη;
336 3187 367 3240 et
400 3198 445 3240 rs.
483 3181 523 3242 31
562 3175 650 3265 Iege:
688 3181 926 3258 Φιλοτιμοῦκται
962 3173 1136 3253 αὐξῆσαι,
1172 3198 1249 3265 pro:

85 3287 215 3366 αὐξήσειν.
267 3294 307 3360 In
338 3295 377 3359 fr.
412 3295 444 3360 II
473 3317 537 3361 non
568 3295 769 3386 perfecerunt
797 3295 977 3364 inchoatam
1001 3296 1255 3362 emendationem

86 3411 128 3476 riri
153 3413 239 3482 docti
264 3438 310 3479 rs.
339 3419 397 3480 12:
433 3416 485 3481 uni
510 3417 710 3496 πεποιημένος
739 3419 949 3498 στρατηγικὴν
969 3418 1079 3498 οὶρετην
1106 3418 1172 3481 κτὲ.
1196 3438 1253 3504 pro

85 3555 138 3621 tud.
171 3558 251 3626 leet.
290 3560 504 3638 πεπονημένος.
553 3560 709 3626 Graecum
742 3573 789 3627 est
819 3560 880 3626 hac
911 3562 943 3626 in
971 3583 1005 3624 re
1027 3523 1253 3637 defensaretur

86 3673 113 3756 Ii.
133 3699 157 3744 e.
184 3679 508 3768 περιπεποιημένος)
533 3717 578 3730 -
600 3683 731 3762 οὶρετην,
755 3693 791 3746 ut
813 3679 889 3745 alibi
910 3680 1088 3770 saepissime
1112 3691 1197 3746 recte
1220 3682 1255 3746 in

83 3793 119 3860 his
137 3799 325 3890 fragmentis
348 3801 499 3890 scriptum
522 3802 672 3867 invenies.
716 3801 804 3867 Idem
828 3799 979 3866 mendum
1000 3800 1104 3867 denno
1126 3801 1258 3868 tollatur

82 3917 145 3984 cir.
170 3921 240 3988 IV:
273 3921 433 4004 έμοτειρόαν
460 3921 607 4001 μεγόλην
637 3923 692 3988 κατ’
721 3922 850 4001 δύναμιν
873 3922 1162 4002 πεποιημένοςς
1185 3923 1257 4014 lege

82 4043 390 4120 representantem..

115 4161 253 4229 Grauius
286 4163 399 4231 deinde
430 4176 578 4254 corrupte
609 4177 655 4230 est
685 4165 859 4244 sententia,
894 4187 975 4254 quae
1005 4165 1122 4255 iegitur
1144 4189 1188 4230 rs.
1215 4170 1256 4231 35

80 4304 134 4372 sqq.
168 4285 293 4374 scripta
329 4285 362 4350 in
395 4285 483 4352 hunc
514 4284 661 4351 modum:
699 4285 756 4352 siri
795 4285 857 4367 γόρ
889 4311 987 4366 τινες,
1021 4283 1122 4365 οἶμαι,
1145 4285 1257 4378 φύσεις

53 4431 58 4445 ·
81 4405 230 4480 σκαιότητι
255 4404 458 4483 βλάπτουσαν
479 4404 618 4486 καθάπερ
642 4407 657 4468 ε’
665 4407 835 4472 κκαόουσαι
859 4407 902 4472 τόν
918 4407 1003 4474 καλοὶ
1024 4408 1081 4472 τῶν
1103 4403 1260 4484 γεννημά-

79 4547 125 4588 τςν
154 4526 288 4608 πόχναι
322 4527 375 4592 καὶ
408 4526 520 4610 χιόνες.
558 4527 611 4592 καὶ
646 4527 709 4608 γόορ
736 4528 787 4594 διόι
816 4527 889 4606 μέν
915 4529 970 4602 την
992 4525 1183 4603 ἀνταύγειαν
1205 4534 1260 4600 τῆς

78 4647 152 4712 κατὰ
188 4648 252 4724 τὴν
286 4647 379 4730 χιόνα
414 4649 597 4725 λευκότητος
632 4649 850 4732 όμαυρουμέιη
885 4651 903 4724 ἦ
934 4646 1003 4726 έψις
1034 4653 1089 4722 τῆς
1115 4646 1260 4725 ἄκριβοῦν
