2946 5014
510 442 649 504 119

69 619 152 683 reris:
171 604 600 698 uuiur'ovu’—xuuufloiiisc‚
624 635 686 679 non
711 633 782 679 vero
806 603 967 698 ἐκβάλλει,
992 615 1073 703 quod
1093 621 1196 682 tamon

69 733 158 799 solum
182 737 281 798 metro
305 730 462 797 convenit.

106 1058 164 1124 Eos
199 1056 410 1134 coniecturas,
443 1055 557 1140 quibus
592 1055 799 1142 complurium
823 1055 1045 1122 vocabulorum
1068 1055 1197 1122 lucunas

68 1174 181 1260 exploro
204 1193 363 1250 conemur,
385 1169 564 1258 pierumque
583 1171 664 1236 nihil
687 1193 754 1238 osso
777 1177 895 1258 praeter
918 1172 1019 1238 lusum
1036 1171 1197 1258 quemdum

68 1290 179 1377 ingenii
202 1288 295 1354 facilc
319 1287 473 1353 oredimus
495 1289 537 1352 iis
552 1289 606 1373 qui
623 1289 784 1353 affirment.
805 1287 908 1354 Nobis
922 1294 1027 1354 tumen
1045 1287 1197 1354 eiusmodi

67 1394 377 1491 ιιαρακινιλυνεὺμασι
406 1425 505 1489 nequo
536 1404 631 1468 nimis
662 1403 889 1491 indulgendum
930 1404 1068 1484 videtur,
1099 1425 1198 1490 noque

67 1537 167 1582 rursus
202 1516 293 1604 plone
321 1517 539 1584 abstinendum
571 1519 609 1584 ob
639 1519 713 1584 illis.
751 1519 802 1586 Ad
838 1519 899 1585 hoo
933 1543 1031 1608 genus
1064 1519 1199 1607 pertinet

67 1638 236 1712 uniames,
259 1653 322 1720 quo
343 1635 488 1722 prodesse
512 1643 642 1700 conotus
666 1657 734 1700 suru
757 1635 826 1701 loco
850 1636 1023 1724 Sophocleo
1045 1633 1198 1724 apSchol.

67 1749 152 1813 Piud.
176 1749 269 1836 Pyth.
290 1749 359 1830 IV,
380 1757 454 1818 398.
475 1752 594 1816 Scribit
613 1757 714 1817 autem
738 1753 803 1817 sic:
824 1746 904 1826 τούς
923 1751 1108 1840 παρλανονς
1123 1738 1200 1814 ναύ-

66 1883 140 1950 ροος
160 1855 350 1948 Ἀντίμαχος
375 1863 407 1931 ἐν
427 1857 524 1954 Λύδχ
543 1857 858 1953 Ἡφαιστοτεὺιαους
879 1861 975 1950 λέχει.
998 1861 1065 1932 Καὶ
1088 1869 1200 1952 Σοφο-

65 1973 135 2062 κλῆς
156 1974 194 2042 δὲ
219 1977 359 2060 χαλκοῦς
386 1969 469 2060 βοῦς
500 1969 706 2067 ολδερμάτους
735 1976 855 2068 φησίν·

236 2088 475 2165 Χαλνοοκελεῖς
505 2083 567 2178 χεὶρ
592 2091 684 2173 [βοῦς
704 2080 982 2178 οἷδερμολνους“]

238 2203 320 2286 [πῦρ
342 2199 453 2291 οἵπερ]
477 2199 663 2269 ἐκπνλουσιν
681 2193 868 2286 πνευμόνιον
888 2193 972 2268 ἄπο·

239 2311 355 2403 φλλχει
377 2312 415 2380 δὲ
434 2307 558 2403 μνκιήρ
581 2309 628 2390 ὠς
663 2361 994 2382 .......

106 2425 253 2514 Supplori
276 2450 313 2492 ox
335 2428 482 2516 ingenio,
511 2451 590 2515 quac
620 2434 707 2516 septo
742 2428 867 2493 uncinis
890 2427 985 2492 vidos.
1020 2425 1094 2493 Alia
1116 2449 1202 2493 com-

65 2542 240 2612 miuisoiiur
252 2543 424 2631 Bcrgkim,
443 2545 533 2610 ouius
546 2545 754 2632 suspicionem
767 2545 860 2609 reforb
871 2543 1039 2610 Nouokius
1050 2543 1098 2630 (fr.
1111 2543 1202 2632 311).

571 2741 696 2753 -η-

105 2867 287 2934 Macrobius
310 2866 466 2934 Suturuai.
491 2867 539 2946 V,
558 2869 597 2934 19
624 2869 685 2935 duo
709 2868 801 2934 uobis
825 2869 960 2934 servarit
983 2869 1158 2958 fragmento
1184 2892 1201 2936 ε

61 2983 220 3071 tragoedia
253 2982 436 3069 Sophoclis,
470 3005 548 3069 quoe
570 2973 756 3066 Ῥιζοιόμοι
778 2985 930 3072 inscripto
953 2991 1036 3067 erat,
1068 3008 1200 3072 quorum

60 3099 191 3164 alterum
220 3100 325 3164 editur
347 3100 380 3164 in
405 3098 490 3164 huuc
513 3098 658 3164 modum:

517 3210 566 3280 Αἱ
587 3209 625 3278 δὲ
645 3211 808 3278 καλνπταλ

319 3323 426 3392 κλσναι
448 3325 546 3416 ῥιζῶν
567 3321 748 3413 κρύπτουσι
768 3314 891 3408 τομάς,

319 3429 359 3513 ἂς
379 3429 439 3526 ἥδε
459 3427 563 3520 βοαῖο’
585 3426 807 3526 ἄλαλαζομένη

319 3543 438 3638 χομνή
461 3547 608 3634 χαλκέοις
629 3539 696 3638 ἦμα
717 3539 901 3636 δρεπάνοις.

98 3666 234 3732 Frustra
257 3685 386 3749 quaero,
418 3685 473 3728 our
505 3663 649 3730 Medeam
686 3665 798 3727 nodum
822 3662 882 3727 hoc
903 3665 1030 3752 nogotio
1063 3665 1202 3731 functam

56 3805 120 3846 esse
152 3785 245 3869 posia
268 3779 390 3844 dixerit.
419 3781 492 3845 Nisi
517 3781 595 3845 forie
617 3783 762 3866 putamus
784 3775 816 3842 id
852 3779 972 3866 magica
1006 3785 1071 3845 orto
1102 3803 1204 3868 praes·

58 3901 196 3986 criptum
209 3895 318 3974 fuisse,
341 3895 477 3961 librariis
493 3899 599 3984 potius
622 3919 712 3982 quum
737 3895 785 3960 illi
803 3896 887 3961 istud
911 3888 1011 3981 χομνή
1031 3897 1204 3978 tribuerim,

59 4020 173 4104 utpote
200 4017 377 4100 corruptum
413 4035 449 4080 ex
480 4001 649 4098 προμνάς,
683 4012 765 4098 quod
790 4011 940 4078 referatur
963 4012 999 4077 ud
1025 4007 1205 4100 ῥιζῶν-ἂς

58 4125 119 4197 xci.
146 4130 353 4217 Gomporciur
374 4151 400 4194 v.
425 4151 450 4194 c.
475 4125 568 4193 Iliad.
592 4123 625 4206 λ,
651 4129 724 4194 149.

98 4431 145 4500 Et
171 4429 363 4517 antiquoscb
385 4430 571 4495 recentiorcs
587 4429 771 4519 interpretes
788 4429 917 4495 latuisse
939 4427 1063 4494 videtur
1085 4447 1202 4505 sensus,
