2944 5002
52 4905 183 4962 A

783 329 825 392 24

213 518 248 584 πῖ
279 515 374 596 μηδὲν
405 513 491 594 θιγαν
526 514 581 580 οὐκ
607 515 837 592 ἐπινοήσαντες
866 512 999 581 absurde
1030 514 1177 582 scribitur
1209 539 1267 606 pro
1293 517 1395 594 ἐννοθ·

211 662 333 712 σαντες.

258 759 310 827 Sic
336 780 394 850 per
423 771 639 848 corruptorum
671 757 844 823 lectionum
874 757 979 823 sordes
1007 759 1206 848 pervenimus
1241 759 1279 823 ed
1306 759 1395 848 frog·

210 893 354 948 mentum
381 861 614 969 Euripideum,
640 877 724 967 quod
759 891 790 944 et
825 879 928 968 ipsum
960 878 1082 944 mendis
1115 880 1316 968 inquinatum
1353 879 1394 943 ed

210 1025 266 1068 nos
289 1002 442 1092 pervenit.
491 999 622 1089 Legitur
645 1010 750 1064 eutem
773 999 806 1064 in
830 997 938 1064 codice
961 1001 1024 1064 sic:

343 1124 397 1188 οὐιι
420 1121 583 1200 ἐγγυῶμαι
607 1119 684 1202 ζκμθ
691 1143 713 1184 α
736 1118 947 1202 φιιιέγγυονΙ

342 1249 489 1308 σκοπεῖν
513 1241 555 1307 rol
578 1241 692 1306 uvtut’
716 1242 769 1306 οὐκ
792 1241 830 1324 ἐῶ
853 1265 902 1320 με
925 1238 1115 1322 γραμματα.

209 1365 264 1430 Est
295 1362 479 1438 enirnldeii
503 1383 609 1440 error,
635 1383 698 1449 quo
721 1361 840 1426 tactum
864 1372 930 1439 est,
955 1373 991 1426 ut
1013 1359 1178 1450 hueusque
1201 1362 1390 1450 legerimus:

205 1483 249 1550 τθι
273 1485 384 1550 Πυθῶδ’
405 1485 458 1548 οὐκ
482 1485 519 1568 ἐᾷ
543 1485 586 1549 rot
609 1481 800 1562 γράμματα.
848 1481 902 1549 Sic
926 1505 1053 1572 quoque
1076 1481 1242 1550 ediderunt
1265 1483 1392 1548 Belike-

205 1628 258 1671 rus
289 1617 320 1672 et
351 1604 522 1684 Mulierus,
554 1603 615 1670 nisi
638 1601 721 1691 quod
741 1614 826 1668 reete
845 1625 902 1691 pro
925 1603 968 1668 rol
991 1604 1107 1670 noter
1131 1605 1320 1694 scripserunt
1344 1605 1390 1670 τα

204 1728 300 1792 Πυθοῖ
321 1725 358 1790 δ’.
406 1723 468 1792 Sed
492 1723 541 1790 rel
566 1725 610 1790 sic
634 1745 728 1788 nemo
751 1721 880 1812 dignam
906 1723 1055 1814 Euripide
1080 1725 1267 1790 sententiam
1291 1749 1327 1790 er
1338 1725 1391 1790 his

204 1846 344 1913 versibus
366 1845 588 1938 expiscabitur.
639 1844 722 1930 Quid
745 1844 770 1908 si
793 1842 914 1910 dederit
937 1857 1048 1934 poete:

337 1969 390 2033 οὐκ
414 1968 579 2047 ἐγγυῶμαι
604 1965 716 2047 ζκμθαν
735 1966 932 2047 φιλεγγθιιν

338 2095 484 2164 σκοπῶν,
507 2088 550 2152 rol
574 2087 669 2151 Πυθοῖ
691 2086 716 2148 δ’
739 2087 792 2150 οθκ
816 2087 853 2169 ἐᾷ
877 2110 923 2163 με
946 2085 1139 2166 γράμματα.

201 2212 225 2275 i.
247 2233 276 2274 e.
301 2231 367 2272 non
388 2205 537 2297 spondeo
556 2228 682 2270 memor
705 2204 910 2270 detrimenti
921 2257 930 2284 ‚
954 2207 1047 2294 quod
1072 2211 1119 2286 ie',
1148 2211 1209 2296 qui
1240 2208 1391 2272 libenter

203 2327 393 2421 spondent,
437 2347 562 2416 capere
596 2335 864 2406 consueverunt,
901 2350 1007 2416 neque
1042 2329 1186 2392 litterae
1220 2327 1390 2419 Delphici

203 2451 325 2540 templi
368 2448 543 2512 columnae
591 2448 790 2537 insculptae
825 2447 995 2537 spondere
1029 2470 1080 2512 me
1116 2446 1265 2544 renunt?
1313 2448 1389 2514 Non

201 2571 285 2636 enim
310 2567 399 2635 rideo
409 2617 419 2648 ,
445 2567 521 2658 quid
540 2567 701 2634 lucremur
728 2581 782 2634 eut
806 2567 976 2634 scribentes
996 2590 1070 2633 cunr
1083 2567 1162 2634 God.
1179 2569 1384 2634 Hermanno:

200 2693 253 2757 οθνι
284 2692 465 2770 ἐγγυῶμαι,
494 2691 592 2772 ζιιμθα
614 2688 801 2770 Φιλέγγυον·
823 2696 947 2754 σκοπεῖν
973 2689 1016 2754 τοὶ
1040 2691 1134 2754 Πυθοῖ
1154 2690 1180 2754 δ’
1202 2691 1256 2754 οθιι
1280 2691 1316 2774 ἐᾷ
1339 2693 1388 2756 τοὶ

200 2811 392 2893 γράμματα,
417 2833 499 2899 quae
518 2821 550 2875 et
573 2809 691 2874 Graeca
711 2829 775 2872 non
793 2821 865 2872 sunt
882 2821 913 2873 et
930 2809 1003 2898 ipsis
1022 2809 1160 2894 tenebris
1180 2809 1385 2890 obscuriore,

200 2943 256 2997 aut
276 2953 349 2996 eum
371 2930 567 3018 Hertungio:
594 2931 646 2993 οὐκ
670 2929 852 3006 ἐγγυῶμαι,
877 2928 973 3009 ζκμθα
996 2930 1172 3011 Φιλέγγυυν
1196 2938 1315 2996 σκοπεῖ·
1340 2933 1387 2996 τα

200 3054 295 3118 Πυθοῖ
311 3052 337 3116 δ’
360 3053 413 3117 οὐκ
433 3053 469 3135 ἐᾷ
492 3049 719 3132 γεγραμμένα,
742 3072 823 3138 quee
847 3049 1027 3114 coniectura
1050 3031 1175 3139 prorsus
1199 3050 1309 3117 iisdem
1332 3053 1389 3118 in·

200 3171 373 3238 commodis
393 3171 526 3236 lebornt.
575 3171 666 3236 Unus
690 3168 877 3236 Matthiaeus
901 3171 1107 3236 coniectando
1134 3185 1292 3238 essecutus
1315 3187 1386 3254 est‚·

200 3293 285 3384 quod
307 3293 395 3358 dedit
417 3291 496 3356 mihi
519 3291 615 3356 codex
639 3291 706 3356 scil.
731 3316 780 3370 με
802 3289 983 3372 γράμματα
1007 3313 1063 3380 pro
1087 3293 1135 3378 τᾷι
1157 3291 1351 3374 γράμματα.
1465 3369 1466 3390 ¹

245 3414 308 3482 Sed
330 3414 452 3503 turpius
473 3425 504 3478 et
529 3413 577 3477 rin
601 3411 751 3477 credibile
774 3411 898 3478 ridetur
923 3413 1044 3491 Beklr.,
1069 3392 1167 3503 quum
1191 3413 1283 3480 hasce
1308 3415 1390 3482 reli·
1465 3395 1466 3418 i

198 3537 288 3626 quies
322 3535 446 3615 ederet,
483 3535 600 3600 intacta
637 3533 798 3622 reliquisse
828 3534 861 3598 in
896 3535 935 3598 tr.
981 3535 1039 3600 XV
1073 3539 1192 3622 scelti
1229 3535 1389 3602 vocabula

198 3657 251 3724 καὶ
282 3653 390 3722 τᾶλλα
420 3657 462 3721 τθι
495 3653 807 3733 κατασκευάσματα,
840 3654 895 3720 ubi
928 3677 1009 3744 quoe
1039 3655 1150 3721 rocula
1173 3658 1391 3746 expungenda

197 3779 257 3856 sit,
282 3797 410 3842 monere
433 3799 484 3842 me
504 3775 613 3866 pudet.
652 3773 769 3842 (luntre
788 3773 866 3841 ibid.
891 3797 934 3840 rs.
958 3779 1001 3841 20
1025 3741 1234 3865 supplebdum
1252 3777 1386 3846 fuisset:
1465 3783 1466 3850 i

197 3899 271 3980 πρὸς
295 3895 325 3962 ἐν
352 3896 414 3985 (θον)
438 3899 508 3962 οὔτε
532 3905 645 3970 Φωκεῖς
670 3899 735 3962 erl.

243 4019 316 4087 Non
343 4017 442 4106 magis
474 4015 637 4106 intelligo,
674 4015 934 4105 quomodoidem
955 4039 1151 4108 concoquere
1181 4021 1319 4108 potuerit
1347 4024 1389 4089 in
1465 4049 1466 4076 ι

196 4144 237 4211 fr.
257 4138 333 4206 XVI
353 4137 397 4224 (X
422 4139 439 4221 §
464 4136 497 4224 4)
520 4136 609 4202 initio
627 4133 725 4202 haec:
748 4138 763 4201 ἐ
771 4163 786 4204 ν
807 4139 903 4224 σοφία
926 4141 1104 4218 θαυμαστὸς
1128 4136 1177 4218 ἦν,
1202 4163 1265 4230 qua
1287 4141 1320 4208 iu
1346 4167 1388 4210 re
1465 4219 1466 4222 Ἴ

196 4263 246 4329 rel
270 4263 328 4327 ista
353 4270 474 4336 aetate,
500 4279 562 4346 que
585 4259 719 4347 purioris
742 4259 826 4324 illius
846 4261 996 4326 sermonis
1018 4261 1131 4328 Graeci
1158 4285 1220 4327 non
1245 4263 1389 4354 emplius

197 4397 265 4449 erat
295 4405 354 4448 neo
382 4379 452 4446 vola
484 4401 543 4445 nec
573 4379 758 4469 vestigium,
790 4381 857 4447 lori
879 4383 975 4468 σοφία
995 4386 1061 4449 κτὲ.
1089 4397 1120 4450 et
1143 4383 1246 4450 dicere
1270 4407 1390 4455 omnes

198 4515 230 4568 et
258 4503 393 4568 scribere
412 4501 565 4568 solebant.
614 4500 703 4566 Idem
723 4501 805 4568 velet
833 4501 871 4567 de
904 4504 1106 4593 sequentibus
1134 4529 1178 4571 rs.
1210 4510 1251 4571 25
1276 4505 1386 4576 ibid:
1465 4487 1466 4490 Ἴ

199 4622 293 4703 μέχρι
314 4622 351 4689 θοι
370 4625 422 4690 τὸν
441 4620 513 4690 οἶνον
535 4623 613 4710 φέρῃ
635 4623 761 4691 πλεῖοι
782 4624 909 4690 τεκαὶ
931 4624 1040 4705 teto,
1065 4627 1118 4692 ubi
1143 4629 1211 4718 quis
1236 4639 1390 4698 nostrum
1465 4649 1466 4670 ¹
