2932 5004
768 353 829 418 13ss

208 562 275 611 esse
293 543 433 634 suspicor
453 563 470 606 a
495 539 630 608 Diodoro
656 542 687 606 in
711 540 797 606 huno
820 535 971 605 modum:
997 574 1041 584 —
1065 534 1121 602 ύτι
1143 533 1264 610 ’ύποιτος
1285 532 1387 612 ίξελη·

209 667 303 740 λνύίος
342 665 409 753 [ὡς]
444 665 476 729 ού
512 659 738 745 προσδέξαιτο
773 661 828 736 την
864 657 1006 726 ἐπάνοδον
1038 659 1068 724 ἐν
1098 657 1214 724 ίδιύτον
1245 657 1388 738 τρηιίματι

207 789 405 863 ποιάπαούαι.

251 907 305 972 Fr.
343 907 410 972 11:
438 911 499 972 332
538 908 580 977 είς
616 903 762 983 μεγάλην
799 898 869 977 sitis
904 902 1060 968 διάτασιν
1095 902 1166 982 πρὸς
1201 897 1388 965 Ὀιοτάουιονι
1455 895 1456 972 s

206 1026 290 1092 Male
318 1026 396 1093 haee
427 1027 503 1117 legit
532 1027 593 1106 M.;
627 1047 701 1091 nam
733 1024 803 1090 eod.
836 1023 933 1090 habet
961 1021 1162 1098 διάστασιν,
1194 1043 1275 1110 quae
1297 1020 1389 1087 lectio

205 1149 269 1213 sola
299 1148 370 1214 loeo
400 1149 558 1214 eonsenit.
608 1145 728 1213 Deinde
760 1145 880 1235 aliquid
910 1143 1073 1210 turbatum
1104 1165 1169 1208 esse
1191 1155 1322 1232 apparet
1344 1165 1390 1210 rs.

206 1274 247 1334 37
282 1289 370 1357 sqq.:
402 1267 471 1334 καὶ
499 1269 578 1349 γάρ
607 1268 653 1334 άν
683 1269 716 1333 εί
747 1266 862 1340 πάντες
893 1265 986 1332 αύτδν
1017 1263 1287 1339 καταλείπωσιν,
1311 1259 1391 1342 ὅμως

207 1389 314 1453 ἑαυτὸν
345 1388 535 1468 διατηρηοειν
569 1386 654 1465 ἄξιον
678 1396 734 1463 τῆς
759 1388 926 1466 ἡγεμονίαις
950 1383 1003 1452 καί
1027 1385 1137 1464 μετά
1159 1389 1217 1448 τῶν
1241 1381 1284 1450 τά
1307 1381 1392 1448 αύτά

204 1508 401 1590 φρονούντων·
431 1509 485 1574 εὀδν
517 1507 543 1572 δ’
575 1511 701 1588 άπογνῶ
731 1509 794 1574 xri.
843 1508 984 1573 Priorem
1007 1505 1180 1572 sententiae
1203 1515 1325 1594 portem
1349 1505 1392 1568 sio

206 1629 403 1718 scripserim:
439 1627 512 1694 κάν
542 1629 621 1712 γάρ
653 1627 769 1702 πάντες
797 1630 890 1695 αὐτὸν
914 1628 1175 1703 καταλίπωσιν,
1200 1625 1234 1690 in
1257 1645 1392 1714 sequen·
1456 1643 1457 1646 ’

204 1749 288 1814 tibus
322 1747 468 1838 ambigo,
506 1762 613 1814 utrum
649 1748 870 1839 corrigendum
906 1749 966 1818 sit:
1004 1748 1055 1812 καί
1080 1745 1176 1812 άνεν
1199 1748 1257 1812 τῶν
1285 1747 1392 1812 ταύτά

202 1871 407 1952 φρονούντων,
439 1893 479 1936 aa
510 1871 625 1936 laouns
654 1871 819 1937 statuenda
841 1881 911 1960 post
934 1871 1136 1952 φρονούντων,
1161 1880 1196 1933 ut
1220 1865 1390 1932 Mulierum

203 1991 313 2057 fecisse
347 1989 448 2057 rideo.
497 1991 566 2058 Hoo
600 2005 722 2058 eertum
757 2004 804 2058 est
837 1992 871 2056 in
905 1989 999 2055 huius
1022 1989 1161 2078 eroerpti
1184 1989 1248 2054 fiae
1272 1987 1389 2076 requiri

206 2107 430 2186 άναδέξεούαι
453 2133 510 2201 pro
534 2109 752 2188 άναδίξαούαι.

250 2231 386 2296 Pessime
409 2229 614 2320 depravatum
634 2243 681 2297 est
704 2231 831 2296 initium
850 2229 889 2295 fr.
913 2229 977 2294 111:
1002 2224 1048 2294 ὅτι
1066 2226 1210 2310 Μερύλας
1230 2229 1244 2293 b
1263 2227 1390 2309 αίρεύείς

204 2348 321 2421 ὕπατος
355 2351 399 2422 εἷς
429 2351 480 2416 τὸν
511 2357 564 2418 τοῦ
594 2351 688 2418 Κίννα
718 2349 827 2428 τύπον,
859 2351 943 2430 μετά
975 2350 1009 2414 τὸ
1041 2349 1177 2416 σύνύεοιν
1206 2349 1392 2424 sarsenates

203 2473 246 2537 τὸ
280 2471 404 2553 δήπερ
436 2474 557 2538 αὐτὸν
593 2474 822 2538 ὑπατεῦσαι
858 2469 940 2549 ἔδοξε
970 2468 1082 2553 πράξιν
1112 2473 1232 2550 άγαύοῦ
1268 2471 1391 2553 οφύδρα

204 2593 331 2658 πολίτου
354 2590 481 2674 πρᾶξαι.
518 2593 590 2659 Νοιι
611 2594 696 2659 enim
715 2605 862 2684 apparet,
890 2615 906 2657 a
928 2613 1066 2682 queam
1084 2590 1224 2657 subiecto
1243 2611 1393 2681 suspensa

203 2713 265 2778 siat
288 2713 401 2779 rerba:
428 2715 561 2780 τύνύεοιν
584 2715 784 2792 ποιηοαούαι,
807 2735 912 2802 neque
925 2713 1018 2792 δήπερ
1032 2711 1187 2778 Graecum
1200 2711 1393 2778 vocabulum

203 2857 269 2898 esse
285 2835 472 2923 putaverim.
499 2835 635 2924 Utrique
656 2833 741 2900 malo
762 2811 898 2900 fortassis
917 2855 982 2898 non
994 2832 1077 2898 maie
1089 2831 1264 2898 medeberis
1276 2835 1394 2899 reseri-

204 2952 327 3018 hendo:
361 2953 446 3031 μετά
469 2955 504 3020 τὸ
528 2955 663 3021 ούνύεσιν
687 2956 870 3031 ποιηπαούαι
899 2956 963 3020 τὸν
987 2955 1029 3030 δη
1038 2978 1123 3032 μον,
1149 2951 1247 3036 ᾗπερ
1271 2951 1391 3027 αὖθις

204 3075 433 3140 ὑπατεύοει
458 3075 537 3162 (soil.
560 3076 574 3140 ύ
599 3073 738 3164 Κίννας),
751 3074 832 3151 ἔδοξε
856 3073 965 3157 πρᾶξιν
981 3075 1101 3153 άγαύοῦ
1123 3073 1243 3156 οφοδρα
1261 3074 1392 3140 πολίτου

202 3193 330 3277 πρᾶξαι.
367 3196 475 3261 Malim
499 3207 625 3261 tamen:
650 3196 736 3275 μετά
758 3201 793 3262 τδ
814 3195 947 3262 ούνύεοιν
967 3195 1152 3271 ποιηπατύαι
1176 3195 1391 3274 πάνδημον

203 3317 300 3396 πρὸς
331 3320 473 3382 τοῦτον
506 3316 585 3402 (ἐπ)
610 3316 674 3404 τῷ)
700 3313 814 3389 αὖθις
840 3317 1085 3381 ύπατεῖιοαι.
1134 3313 1256 3380 certius
1281 3327 1328 3382 est
1354 3317 1391 3382 in

203 3461 272 3526 sqq.
294 3435 445 3526 seriptum
462 3449 627 3528 oportere:
653 3439 869 3517 ἐπηγγείλατο
892 3439 1106 3515 γενησεσθαι
1131 3460 1188 3527 pro
1211 3435 1391 3516 γενέσθαι.

247 3557 300 3622 Fr.
326 3557 372 3623 lv
398 3583 405 3622 :
434 3561 495 3624 23:
520 3559 641 3632 Κύιντος
671 3558 702 3623 δὲ
726 3557 895 3630 Λουτάτιος
918 3560 932 3623 ά
957 3557 1115 3632 Κάτλος
1139 3559 1391 3640 τεύριαμβενιοάις

201 3679 257 3755 μὲν
291 3680 448 3758 ἐπισήμως
484 3681 546 3745 άπὸ
582 3680 745 3761 Κίμβρων,
778 3682 986 3759 ἀγαπώμενος
1017 3679 1044 3744 δ’
1076 3681 1134 3745 ὑπὸ
1165 3685 1225 3745 τῶν
1255 3685 1392 3745 πολιτῶν

201 3798 423 3880 περιττότερον,
441 3798 500 3864 ύπί
518 3823 597 3874 τινος
615 3797 777 3882 δημάρχου
799 3801 988 3882 κατηγορίας
1009 3799 1185 3880 ἐτύγχανεν
1201 3801 1232 3865 ἐν
1248 3801 1395 3884 τῷδήμῳ

201 3915 342 3983 ύανάτον.
376 3917 639 4008 Trsasponendus
658 3919 783 3986 ridetur
803 3921 953 3986 articulus
971 3933 1041 4011 post
1061 3919 1199 3998 Κάτλος,
1221 3943 1284 4010 quo
1304 3921 1393 3986 iaoto

199 4036 280 4104 nihil
303 4037 438 4128 amplius
458 4041 517 4104 erit
534 4041 566 4104 in
584 4063 646 4129 quo
666 4041 734 4106 iure
751 4041 892 4108 haereas.
930 4039 979 4107 lb.
1003 4063 1046 4109 rs,
1072 4046 1135 4107 272
1165 4039 1233 4118 ἧκεν
1256 4044 1288 4107 εί
1296 4067 1312 4116 ς
1337 4047 1394 4109 τὸν

198 4157 325 4240 Μάριον.
375 4159 530 4226 Graecum
562 4174 609 4227 est
638 4160 698 4227 hae
721 4163 755 4226 in
779 4185 813 4228 re
836 4161 942 4243 πρύς.
991 4161 1110 4227 Rursus
1134 4175 1286 4252 peccatur
1310 4185 1396 4230 oon-

198 4293 246 4346 tra
275 4292 472 4346 constantem
502 4281 661 4348 scribendi
692 4305 784 4348 usum
821 4285 1013 4351 Graecorum
1046 4309 1090 4350 rs.
1117 4288 1180 4349 29:
1207 4283 1281 4349 τύτε
1303 4284 1330 4348 δ’
1357 4284 1395 4350 ἔκ

198 4425 276 4474 τινος
309 4401 445 4484 ὑποψίας
474 4403 643 4484 άλλοτρίως
668 4403 749 4484 ἔχων
771 4405 844 4487 πρὸς
872 4407 964 4472 αὑτὸν
987 4411 1105 4470 τοῦτο
1128 4403 1217 4483 μύνον
1240 4406 1394 4488 άπειιρίύη

199 4521 329 4587 ύανελν
364 4523 434 4588 δεῖ.
481 4522 585 4612 Lege:
612 4529 783 4591 τοσοῦτο
806 4525 894 4606 μόνον
918 4527 1065 4607 άπεκρίίη
1090 4528 1174 4605 xri„
1196 4527 1218 4591 i.
1246 4549 1275 4592 e.
1303 4528 1395 4592 haee

193 4659 312 4725 pauca
335 4643 527 4731 respondit.
578 4643 660 4714 ibid.
686 4669 730 4716 rs.
758 4651 799 4714 32
824 4647 940 4714 inserta
962 4649 1193 4738 praepositione
1211 4651 1397 4715 necessaria
