2968 5014
526 409 702 468 ‘55

153 583 312 648 Praeterea
334 583 396 648 iere
419 579 540 644 malim:
563 568 631 664 σήν
650 573 767 662 γυναῖκ’
789 567 868 644 εἶναι
888 575 976 645 δόκει
997 577 1059 646 unt.

152 699 336 766 Ocniemtur
357 695 469 762 Troad.
494 697 537 760 vs.
564 696 630 757 642
657 713 740 776 sqq„
755 691 808 758 uhi
826 693 1041 760 Andromache
1063 695 1122 760 uit:

261 806 483 899 πρῶτονμὲν,
506 801 588 872 ἔνθα
607 795 664 870 κᾶν
684 803 797 892 προσῇ
817 797 875 870 κᾶν
893 799 938 894 μὴ
960 807 1071 896 προσῇ

262 913 370 1010 ψόγος
388 917 542 1006 γυναιξίν,
566 906 645 984 αδτδ
666 905 761 982 τοῦδ’
782 912 951 1006 ἐφέλκεται

251 1031 367 1107 ’κακῶς
389 1022 532 1112 hedam,
554 1022 639 1117 ἥτις
662 1017 727 1092 οὖν
749 1020 860 1094 ἔνδον
884 1027 1012 1112 μένει,
1045 1033 1048 1040 ’

262 1135 379 1212 τοτ’που
401 1135 511 1211 πόθον
532 1127 843 1230 παρεῐσῖἔμιμνον
865 1138 901 1206 e'a
922 1129 1071 1222 δόμοις.

152 1259 204 1325 Ne
215 1260 285 1346 quis
305 1264 405 1326 autem
424 1258 575 1346 opinetur,
593 1276 640 1320 me
657 1255 703 1320 ita
718 1253 868 1342 auspicari
885 1252 998 1340 ubsque
1019 1255 1129 1320 idonea
1148 1277 1240 1322 causa

106 1379 139 1441 et
159 1375 292 1452 nodum,
315 1374 398 1459 quod
421 1375 528 1448 aiunt,
548 1369 736 1457 quaesivisse
759 1368 793 1433 in
821 1369 922 1460 sirpo:
944 1369 1133 1436 enucleatius
1149 1391 1239 1455 quam

107 1489 192 1555 soleo
213 1489 275 1554 loci
294 1487 497 1576 corruptelam
527 1485 654 1574 probare
676 1482 819 1550 conabor.
844 1485 878 1550 Si
902 1483 1043 1550 admittis
1064 1486 1166 1551 Grotii
1189 1486 1240 1550 in-

105 1605 372 1692 terpretationem,
401 1594 440 1670 vd
460 1599 535 1692 ἑξῆς
560 1623 604 1665 vs.
627 1601 644 1664 1
670 1598 728 1664 hoo
751 1604 810 1664 est:
834 1591 939 1686 χρεών
959 1591 1016 1684 τήν
1036 1594 1157 1686 ἕοδλῆν
1184 1621 1239 1684 yv-

106 1721 199 1784 ναῖκα
209 1711 287 1782 οἶνοι
308 1710 397 1782 ἔνδον
415 1712 582 1798 μένουσαν.
602 1717 647 1779 At
659 1737 729 1780 cum
745 1713 906 1780 verborum
919 1711 994 1778 ordo
1007 1715 1075 1776 tum
1087 1710 1238 1798 imprimis

107 1830 314 1895 Accusativus
336 1818 429 1906 οἷξίοιν
447 1828 478 1892 in
502 1850 546 1893 vs.
569 1851 629 1915 seq.
654 1828 734 1894 hanc
750 1825 972 1916 interpretandi
999 1827 1149 1892 rationem
1174 1848 1237 1892 om·

105 1947 182 2012 nino
197 1943 429 2032 improbandam
445 1965 510 2027 esse
527 1943 625 2026 docet.
642 1945 692 2009 Ita
707 1945 790 2008 enim
805 1965 849 2008 vs.
866 1943 886 2006 2
902 1943 962 2006 erit
976 1935 1015 2008 cd
1037 1938 1112 2030 ἑξῆς
1126 1941 1238 2008 hocce:

107 2052 188 2147 (τήν)
218 2049 248 2124 δ’
278 2050 371 2138 οἷξίον
397 2055 457 2120 τοῦ
485 2047 801 2146 uptote-utque,
831 2055 914 2142 quod
947 2055 1038 2143 plane
1072 2056 1237 2122 absurdum

107 2195 173 2238 esse
207 2193 295 2236 nemo
325 2193 387 2234 non
416 2169 509 2235 videt.
537 2170 682 2236 Admisce
704 2171 804 2258 igitur
838 2173 941 2238 Grotii
976 2172 1116 2236 versione
1149 2195 1192 2237 vs.
1208 2175 1236 2239 ‘l

107 2308 231 2352 necesse
263 2291 326 2364 est,
362 2292 415 2350 ant
445 2308 501 2372 pro
534 2279 626 2366 ἀξίαν
651 2307 833 2375 reponamus
853 2262 931 2366 α’ξδο
963 2279 1152 2376 (οοί1.ἐςὶ),
1184 2293 1239 2354 aut

107 2424 227 2468 versum
239 2409 413 2490 sequentem
437 2400 475 2466 ab
490 2401 671 2488 imperativo
688 2400 791 2488 aliquo
813 2390 927 2486 νόμιζε
949 2402 998 2468 vel
1020 2392 1108 2468 δόκει
1134 2426 1237 2470 orsum

106 2537 172 2602 csse
195 2518 400 2604 suspicemum
434 2537 549 2604 qnare
578 2516 672 2604 probe
694 2517 874 2598 intellecta,
898 2519 1027 2584 Grotius
1057 2541 1095 2584 ex
1111 2519 1238 2610 ingenio

106 2631 219 2698 intulit
239 2655 281 2698 vs.
306 2635 325 2697 2
349 2654 437 2697 suum
465 2643 555 2716 puta.
921 2609 925 2619 Ι
1243 2713 1246 2719 Ι

107 2727 112 2738 ’
152 2747 483 2813 Contraetverborum
496 2746 835 2834 monogrammum,
858 2749 892 2813 ni
905 2747 1007 2826 fallor,
1027 2771 1084 2814 nos
1103 2753 1237 2836 cogunt,

106 2869 143 2929 ut
175 2862 310 2951 logicum
343 2863 494 2930 orationis
530 2861 792 2930 constructionem
827 2863 945 2932 hancce
979 2885 1045 2930 esse
1076 2869 1237 2950 putemus:
1294 2925 1297 2930 .

105 2970 231 3066 χρεοὶν
249 2969 306 3066 τὴν
326 2971 445 3062 γυναῖκ’
464 2956 560 3042 ἔνδον
572 2975 732 3061 μένουσαν
764 2967 844 3042 εἶναι
875 2967 1012 3066 ἐσθλήν,
1036 2965 1170 3066 1θύρασι
1201 2975 1239 3044 δὲ

104 3081 199 3156 delas
220 3088 279 3156 ved
300 3079 446 3176 μηδενός.
472 3089 559 3164 Quae
590 3111 686 3176 quum
715 3091 761 3156 ita
791 3091 872 3170 sint,
903 3082 1008 3177 χρεοδν
1038 3113 1146 3156 senum
1173 3113 1239 3158 esse

104 3202 231 3289 nequit,
251 3204 400 3290 siquidem
421 3207 477 3270 doc
500 3206 646 3270 uocabulo
674 3205 786 3274 Gracci
808 3205 1238 3272 tocoacludeodonooctuo-

105 3326 166 3383 tur.
189 3319 301 3410 Sensui
328 3339 419 3398 vero,
454 3320 550 3386 utab
573 3322 667 3386 initio
692 3321 771 3402 dixi,
795 3320 912 3408 optime
934 3322 1095 3386 conveniet
1117 3310 1216 3388 δόκει.

149 3665 236 3730 stab.
260 3666 401 3744 LXXV,
425 3670 454 3730 3.
477 3659 555 3754 Εδρ.
580 3663 716 3742 Οἰνέως·

261 3788 304 3847 Α.
327 3771 413 3854 -ὠς
434 3776 524 3844 οὐδὲν
547 3770 640 3866 ἀνδρὶ
659 3771 755 3860 πιςδν
776 3771 855 3845 ἄλλο
877 3773 959 3866 πλὴν
980 3775 1103 3845 τέκνων.

261 3897 297 3957 Β.
319 3889 456 3980 κέρδους
477 3890 507 3956 δ’
527 3887 615 3956 ἕκατι
634 3889 688 3955 καὶ
707 3885 746 3958 vd
768 3888 914 3976 συγγενὲς
935 3894 1033 3956 νοσεῖ.

149 4004 238 4072 Haec
254 4005 361 4084 verba,
383 4027 461 4090 quae
484 4004 578 4092 vulgo
595 4007 777 4090 continuata
793 4004 952 4093 leguntur,
976 4005 1105 4072 fortasse
1128 4003 1238 4074 melius

103 4120 187 4184 inter
215 4119 291 4186 duas
319 4142 466 4208 personas
497 4119 684 4187 dividentur.
715 4121 823 4186 Sumta
847 4122 926 4186 euim
951 4143 1015 4186 csse
1039 4122 1178 4212 suspicor
1200 4145 1238 4188 ex

105 4233 231 4323 dialogo
261 4237 342 4301 inter
368 4237 507 4302 Oeneum
530 4241 561 4301 et
598 4217 796 4314 Diomedem,
827 4217 917 4301 euius
941 4236 1091 4324 particula
1122 4237 1238 4326 legitur

105 4350 196 4437 apud.
219 4349 322 4417 Schol.
345 4353 441 4418 Arist.
469 4353 547 4418 Rau.
573 4353 752 4438 rescripta
776 4353 807 4416 in
833 4351 916 4418 hunc
940 4353 1075 4418 modum:
1137 4355 1139 4361 '
