2944 5002
221 1384 456 1433 ousunvfflottos
486 1383 619 1433 GRI'HGAR
652 1384 681 1430 ΙΝ
711 1383 831 1431 ΒΙΟΒΟΗΙ
855 1383 951 1432 stcutt
974 1385 1013 1430 EX
1037 1383 1129 1430 PARTE
1153 1383 1362 1431 altitonantis

265 1507 426 1554 ueremni
461 1507 610 1554 exuerem
640 1506 700 1552 ruu
733 1506 877 1552 virinum
909 1506 968 1552 rur
1002 1507 1031 1552 m
1064 1507 1207 1562 notrum,
1240 1507 1316 1561 oum

182 1597 186 1604 ¹
596 1627 723 1674 tuumu
746 1625 876 1672 monim
901 1625 985 1670 surr.

681 1883 895 1938 ww&-

245 2129 324 2198 Utur
347 2129 483 2196 editione
509 2127 657 2207 Diodori,
684 2151 765 2216 quae
788 2150 865 2193 oure
888 2127 1091 2194 lmmnnuelis
1116 2127 1250 2195 Bekkeri
1269 2129 1387 2218 prodiit

200 2251 324 2341 Lipsiae
356 2249 513 2315 Teubneri
543 2247 719 2338 sumptibus
752 2271 781 2312 a.
809 2245 1045 2317 MDGGCLIII.
1073 2249 1105 2312 in
1129 2250 1217 2314 ouius
1241 2248 1389 2315 editionis
1460 2269 1461 2274 ¹

199 2371 359 2438 volumine
393 2370 495 2460 primo
528 2381 559 2434 et
595 2381 707 2458 quarto
731 2369 810 2435 hoec
834 2382 980 2459 excerpta
1003 2369 1154 2458 leguntur
1168 2371 1207 2456 ¹).
1258 2370 1385 2435 Faciem
1460 2363 1461 2396 ³

200 2489 376 2582 corrigendi
397 2491 522 2555 initium
540 2491 573 2554 in
593 2513 665 2579 pag.
681 2493 744 2555 505
769 2489 830 2556 rol.
853 2490 879 2555 Ι.
915 2489 1036 2579 Nempe
1049 2489 1140 2556 foedo
1153 2489 1275 2554 laborat
1288 2491 1388 2555 inter-

200 2613 359 2705 polatione
382 2623 565 2701 excerptum
585 2610 733 2699 quintum
753 2632 789 2675 ex
808 2609 889 2674 libro
903 2609 948 2675 vl
969 2611 1001 2674 in
1023 2610 1108 2676 hisce
1131 2609 1244 2677 verbis:
1266 2609 1343 2692 ἔσχε
1356 2611 1388 2676 δὲ

199 2724 326 2805 δαῦτὸς
346 2740 439 2806 Histoe
465 2732 492 2819 [t
516 2732 568 2796 eoi
594 2729 684 2816 Ζεὺς]
714 2731 774 2794 υἱὸν
795 2731 858 2794 κτὲ.
899 2731 986 2814 Quae
999 2731 1084 2795 enim
1097 2729 1250 2796 rooebule
1264 2731 1389 2796 uncinis

199 2855 334 2932 inclusi,
364 2853 447 2918 mele
466 2851 530 2918 huo
553 2851 667 2941 pedem
692 2851 888 2930 intulerunt,
912 2853 1043 2941 repetite
1066 2875 1103 2916 er
1127 2853 1193 2941 ipso
1217 2852 1390 2940 fragmenti

200 2977 309 3042 initio:
336 2976 350 3038 ὃ
375 2973 405 3040 δὲ
429 2975 565 3057 ἀδελφὸς
590 2974 682 3039 Νίνου
705 2981 817 3049 Πῖκος,
842 2975 856 3037 ὁ
880 2973 931 3038 καὶ
959 2973 1033 3046 Ζεὺς
1054 2975 1121 3041 κτὲ.
1156 2972 1268 3062 Neque
1279 2986 1388 3039 tumen

199 3099 248 3165 his
276 3109 443 3163 contentus
474 3095 557 3160 idem
595 3094 801 3184 interpolator
835 3096 950 3160 iterum
983 3093 1094 3159 eadem
1124 3093 1276 3159 vocabule
1300 3117 1389 3183 repe·

198 3234 265 3286 tere
296 3241 359 3283 non
389 3217 515 3283 erubuit
550 3237 652 3281 versus
682 3215 778 3281 tinem
812 3217 845 3280 in
876 3216 943 3303 ipso
967 3213 1055 3280 Joris
1078 3213 1256 3305 epitaphio:
1282 3213 1389 3280 teate

197 3338 383 3406 κατάκειται
414 3345 528 3413 Πῖκος,
565 3334 592 3422 [t
623 3335 675 3400 xa}
710 3335 799 3421 Ζεὺς]
833 3331 863 3400 ἓν
888 3335 940 3400 καὶ
965 3336 1029 3402 Δία
1051 3339 1204 3412 καλοῦσι,
1238 3334 1292 3436 ubi
1316 3350 1391 3401 sunt

200 3485 292 3551 supra
317 3480 414 3548 quem
438 3455 501 3521 dici
524 3467 627 3546 potest
656 3455 799 3520 absurdo.

246 3583 353 3670 Longe
389 3579 502 3644 diversi
531 3579 653 3666 generis
678 3601 765 3643 error
788 3575 986 3665 castigandus
1010 3574 1133 3640 ridetur
1156 3577 1189 3641 in
1213 3577 1391 3666 fragmento

202 3703 246 3767 Vl
263 3755 271 3782 ,
290 3701 344 3766 ubi
361 3699 401 3764 de
421 3698 577 3763 Dioscuris
590 3699 741 3788 legimus:
765 3697 893 3762 καθόλου
912 3696 941 3760 δὲ
966 3697 1015 3760 ἔτ’
1039 3697 1184 3780 ἀνδρίᾳ
1205 3697 1257 3762 καὶ
1276 3698 1392 3763 δικαιο-

201 3823 291 3906 σύνῃ,
329 3821 400 3901 πρὸς
435 3819 465 3882 δὲ
500 3819 615 3892 τούτοις
650 3820 825 3902 στρατηγίᾳ
861 3819 912 3882 καὶ
949 3820 1144 3902 εὐσεβείᾳ
1168 3818 1261 3901 ἔσχον
1286 3816 1391 3896 δόξαν,

202 4025 364 4040 ω

238 4123 268 4192 1)
296 4121 407 4172 Secutus
438 4133 497 4169 sum
526 4115 593 4169 hene
612 4115 776 4190 potissimum
795 4115 952 4184 editionem,
973 4127 1033 4170 tum
1054 4116 1115 4192 quia
1135 4129 1238 4194 propter
1258 4117 1395 4174 modicum
1457 4097 1458 4100 Ἴ

201 4215 315 4288 pretium
339 4211 366 4264 in
388 4207 507 4264 omnium
528 4228 584 4264 eam
604 4207 795 4284 philologorum
815 4211 937 4265 menibus
956 4230 1009 4265 eote
1028 4229 1098 4280 reor,
1118 4221 1177 4265 tum
1197 4211 1259 4285 quie
1279 4219 1318 4264 est
1337 4229 1395 4268 om.

201 4308 276 4362 nium
298 4303 405 4360 Diodori
420 4302 565 4358 editionum
585 4302 688 4358 ultimo.
728 4307 864 4358 Caeterum
885 4303 979 4358 multis
998 4302 1149 4358 nominibus
1169 4303 1333 4379 praeferende
1355 4313 1396 4358 oet
1456 4303 1457 4332 ³

201 4401 281 4456 editio
310 4399 445 4454 Didotione
475 4415 496 4450 a.
527 4377 716 4466 uo'cccxul,
745 4399 772 4450 in
792 4417 844 4473 que
863 4407 981 4471 excerpta
1002 4399 1107 4453 curavit
1126 4398 1233 4454 Carolus
1252 4399 1395 4466 Mulieres,

202 4515 281 4569 quom
309 4494 464 4560 editionem,
494 4509 527 4545 ne
556 4502 613 4546 ecte
632 4509 750 4566 egerem,
770 4489 910 4565 diligenter
928 4509 989 4544 oum
1012 4490 1191 4546 Teubnorinna
1211 4493 1320 4549 contuli.
1363 4501 1395 4551 ln

202 4607 280 4643 usum
309 4607 411 4656 eornm,
441 4585 488 4662 qui
507 4583 644 4639 Didotiuna
664 4583 776 4638 editione
796 4594 927 4656 utuntur,
947 4587 1104 4656 adscribam,
1127 4589 1170 4642 ubi
1193 4589 1396 4648 eBelrkeriauis

202 4679 297 4735 diversi
317 4677 428 4753 fuerint,
449 4699 569 4738 numeret
589 4700 705 4756 quoque,
725 4699 789 4756 quos
809 4682 933 4756 excerptis
954 4684 1072 4758 praefuit
1093 4683 1224 4741 Mulieres.
