2946 5014
642 357 701 422 191

77 537 170 593 μαι
188 539 288 593 ρωάῖ.
315 553 343 582 ιι.
542 543 593 584 1ιεει.
607 557 644 586 nee.
658 543 684 584 11.
950 541 1002 583 Lat.
1015 554 1063 597 qun
1075 541 1119 582 hub.
1133 544 1174 584 οοιῖ.

83 656 151 720 276
199 657 261 720 127
310 659 353 721 26
400 659 673 738 γεγυμνασμένος
854 659 1115 738 γεγυμνωμένος

81 775 149 838 278
198 777 261 840 128
309 779 352 840 22
398 776 599 860 προεφίεσαν
855 776 1060 858 προηφῖεσαν

80 896 148 958 278
218 917 240 957 »
309 897 352 960 29
398 899 433 961 τὸ
463 895 695 977 θαυμαζόμενον
722 896 808 977 παρα
854 895 889 959 τὸ
921 895 1151 978 θαυμαζόμενον
1181 899 1267 980 παρὰ

440 1015 599 1096 Ῥωμαίοις
641 1017 671 1089 ἐς
707 1039 806 1097 παρα·
898 1023 982 1087 τοῖς
1016 1017 1177 1096 Ῥοιμαιόις
1209 1022 1267 1102 ῥα·

441 1137 548 1214 γιογην
560 1135 818 1210 ἐπιτηδεύσαντες
900 1135 935 1202 δι’
942 1159 988 1208 εις
1012 1137 1041 1210 ές
1066 1138 1131 1202 κτὲ.

100 1278 121 1316 ιι
217 1279 238 1319 ιι
309 1261 347 1322 31
397 1256 644 1335 στεγαυοτοέτης
854 1255 925 1325 cod.
960 1279 1047 1322 error
1070 1281 1128 1346 pro
1148 1283 1265 1338 στεγα-
1298 1271 1303 1280 “

902 1376 1065 1453 νωτοέτης.

101 1499 641 1579 »υυήψψ
856 1497 1269 1582 wwwwm

78 1619 146 1682 279
194 1620 259 1684 319
298 1623 348 1683 ¹1
397 1617 624 1696 έξεπτιέκεσαν
856 1617 1133 1695 ἐξεπεπτώκεσαν

99 1761 122 1800 ιι
219 1761 240 1802 ιι
323 1763 343 1802 ιι
400 1736 478 1804 ὥστε
501 1741 739 1818 συμπεσεῖσθαι
858 1735 936 1804 ὥστε
959 1741 1200 1818 συμπεπεῖσθαι

100 1882 123 1922 ιι
219 1883 240 1922 ιι
312 1863 348 1924 11
399 1860 600 1925 ἐκινδύνευσεν
623 1857 722 1933 έλοις
857 1859 1058 1925 ἐκινδύνευσεν
1081 1859 1201 1932 ὄντος

98 2002 121 2040 ιι
217 2002 238 2043 ιι
311 1983 351 2045 14
397 1981 440 2046 ποῖ
460 1980 522 2062 γὰρ
545 1977 818 2058 ἐπαγγελλόμενα
852 1979 895 2044 τοὶ
907 1980 970 2062 γαρ
986 1979 1268 2060 νέπαγγελλέμενα

75 2103 143 2165 280
216 2123 237 2162 ιι
310 2103 350 2165 18
396 2099 450 2174 την
486 2099 552 2180 περὶ
588 2099 744 2180 πρόσωπον
780 2101 806 2164 o‘·
853 2102 907 2176 την
938 2100 1006 2183 περὶ
1037 2102 1080 2168 τὸ
1110 2101 1270 2184 πρόσωπον

440 2221 590 2300 μνιόεντα
900 2223 965 2286 κτέ.

99 2365 120 2404 ιι
219 2365 240 2404 ιι
310 2345 352 2408 28
397 2348 455 2407 τῶν
501 2343 642 2421 λέγειν
688 2345 809 2409 συνειέν-
856 2348 914 2408 τῶν
964 2351 1102 2425 ληρεῖν
1148 2345 1271 2410 συνειῖι·

444 2461 561 2542 σμένον
903 2461 1020 2543 σμένον

100 2607 121 2646 ιι
221 2607 241 2646 ιι
311 2586 352 2648 31
398 2584 490 2666 φήμη
515 2581 714 2665 κατέσχετο
738 2584 807 2657 τοὺς
854 2583 945 2665 φήμη
993 2583 1150 2664 κατέσχε
1197 2584 1267 2656 τοὺς

440 2702 619 2785 βαρβάρους
899 2702 964 2766 κτέ.

98 2847 119 2886 ιι
194 2826 260 2890 310
330 2829 349 2889 4
394 2831 450 2899 τῆς
473 2830 532 2903 γῆς
556 2824 680 2900 ιῖνηαοον
852 2831 908 2898 τῆς
945 2830 1005 2901 γῆς
1048 2823 1090 2887 τὸ
1128 2823 1265 2900 οῖνιὶκοον.

897 2943 958 3012 L.:
982 2943 1017 3008 τὸ
1040 2944 1244 3022 οένυπήκοον.

74 3068 137 3132 281
215 3089 236 3129 ιι
308 3069 347 3131 15
395 3065 524 3137 ἐλπίδας
548 3064 775 3147 ὑποσεῖραντες
852 3063 982 3138 ἐλπίδας
1012 3063 1266 3146 ὑποσπεέραντες

74 3190 140 3253 282
213 3190 256 3251 79
326 3189 346 3251 2
393 3190 430 3260 ές
454 3187 624 3266 οῖνῖροέπινα
853 3185 888 3258 ἐς
912 3183 963 3249 τὰ
986 3186 1164 3265 οὶνῖρώπινα.
1201 3185 1238 3252 L.
1257 3211 1269 3249 :¹

901 3305 931 3376 ές
954 3305 1154 3385 τιένέρέιπινα.

96 3453 118 3492 ιι
215 3451 238 3492 ιι
330 3432 349 3492 4
396 3426 648 3506 ὑποσέησέμενος
854 3425 1091 3506 ὑποδησάμενος

74 3553 139 3615 283
212 3571 235 3612 ιι
326 3551 347 3612 9
393 3547 432 3612 δὲ
455 3548 493 3612 ὢν
853 3546 879 3610 δ’
902 3547 941 3611 ὢν

97 3694 119 3732 ιι
216 3693 237 3732 ιι
310 3671 351 3735 18
397 3668 465 3733 καὶ
490 3668 593 3740 δοῦλος
855 3665 923 3730 καὶ
946 3666 961 3730 δ
982 3665 1086 3738 δοῦλος

211 3813 233 3852 ιι
303 3793 345 3855 23
392 3788 650 3871 ῖαυμοέζιοαιῖτὸν
669 3789 738 3867 ἐγώ
758 3813 803 3867 γε
849 3785 997 3868 έαυμοέζοι
1019 3787 1112 3852 αὐτὸν
1133 3785 1266 3868 έγιογε

440 3911 490 3975 καὶ
515 3910 645 3990 οῖνδρεῖος
668 3910 807 3991 οῖποφαι-
897 3915 944 3983 τῆ
953 3932 968 3981 ς
996 3907 1188 3988 ἀνδρεῖαι
1213 3910 1269 3976 καὶ

440 4031 529 4096 νέτῖοι
555 4054 604 4108 μοι
897 4029 1028 4111 οῖνδρεῖος
1053 4030 1118 4094 κτέ.

306 4155 347 4216 25
395 4154 466 4216 κατ’
499 4149 608 4232 ἄνδρας
631 4175 806 4232 προσποιου-
852 4155 924 4216 κατ’
941 4148 1052 4230 ἄνδρας
1069 4149 1133 4216 καῖ
1153 4173 1269 4232 προσπ,

441 4273 546 4350 μένους

305 4397 345 4458 27
393 4393 445 4458 καὶ
470 4393 611 4474 στερῖζοι
850 4391 902 4456 καῖ
927 4390 1072 4472 στηρίζοι

325 4519 344 4580 8
392 4515 500 4597 οῖρετην
524 4521 579 4588 τῖς
603 4518 792 4597 συγγραφῆς
850 4511 958 4592 ἀρετην
992 4511 1062 4583 τὴν
1097 4518 1151 4586 τῆς
1184 4534 1264 4590 συγ-

896 4636 1022 4714 νοοΦῖε
