2990 5012
765 417 807 478 14

261 596 312 662 Vs.
340 599 443 664 1526:
490 606 512 667 ἃ
537 603 564 667 d’
589 605 741 683 ἐξάγιστα
764 605 843 684 μηδὲ
870 611 1066 668 κινεῖται
1091 601 1190 687 λόγῳ,

496 721 593 796 αὐτὸς
616 727 769 802 μαθήσει.

264 823 452 911 Requil'ilur
467 830 546 914 μηδὲ
572 833 693 915 Μήτ’
718 837 759 899 ἐν
786 832 869 917 λόγῳ
888 829 908 895 1.
925 849 952 896 e.
971 836 1026 896 καλ
1048 835 1231 917 ἀκίνητα.
1258 827 1353 895 Prae·

217 937 413 1026 positionem
439 947 473 1009 ἐν
498 940 609 1011 llativo
640 944 880 1012 instrumentoli
912 965 1009 1034 saepe
1043 944 1118 1012 addi
1151 966 1168 1010 a
1193 943 1353 1033 Sophocle

218 1063 332 1122 notum
356 1067 414 1122 est.
463 1055 506 1124 Cl.
531 1059 638 1146 dntig.
665 1063 740 1127 961.
776 1059 880 1126 Prom.
907 1063 968 1138 60,
997 1063 1071 1127 102.
1097 1057 1246 1126 Trachin.
1271 1063 1350 1126 886.

262 1169 315 1236 Vs.
342 1173 427 1236 1601
453 1191 500 1258 sq.
524 1183 581 1254 τὰς
614 1175 642 1242 d’
669 1177 839 1254 ἐπιστολάς
863 1183 961 1262 πατρὶ
986 1177 990 1259 Ι
1013 1186 1106 1264 ταχεῖ
1131 1173 1353 1260 ’πόρευσαν

217 1297 274 1361 σύν
301 1301 414 1380 χρόνῳ.
456 1289 569 1358 llelius
597 1289 817 1378 intellegerem
845 1292 1065 1377 ’πέραναα

265 1405 320 1472 vs.
347 1408 433 1474 1570
458 1427 529 1494 sqq.
555 1404 724 1494 Suspicor:
749 1413 788 1476 ὃν
813 1415 848 1474 ἐν
873 1408 1007 1474 πύλαισι

744 1533 861 1590 ταῖσι
889 1525 959 1610 (pro
984 1524 1097 1607 φασὶ)
1123 1523 1313 1600 πολυξένσις

745 1642 904 1706 εὐνᾶσθαι
931 1677 971 1688 -
996 1675 1040 1685 -

747 1754 841 1834 λόγος
865 1758 938 1822 αι’ὲν
963 1755 1041 1840 ἔχει.

268 1866 319 1934 Vs.
348 1869 447 1934 1644.
892 1869 977 1951 πλὴν
1002 1873 1020 1934 ό
1044 1871 1152 1952 κύριος

400 1985 520 2068 Θησεύς
544 1985 691 2068 παρέστω
712 1990 925 2066 μανθάνων
951 1987 990 2048 τὰ
1018 1983 1178 2065 δρώμενα.

268 2093 458 2181 Corrigotur
488 2105 691 2180 μανθάνειν,
723 2101 761 2161 ot
788 2095 907 2162 ducat.
943 2095 1017 2161 Eur.
1051 2093 1149 2161 Andr.
1181 2095 1224 2159 49
1248 2099 1266 2160 0‘
1289 2107 1351 2179 γὰρ

220 2219 381 2294 φυτεύσας
408 2213 509 2278 αὐτὸν
537 2211 605 2277 οὔτ’
632 2216 701 2295 ἐμοὶ
726 2220 813 2298 πάρα
835 2210 840 2298 Ι
860 2212 1114 2298 προσωφελῆσαι.

232 2373 235 2380 .
270 2325 743 2413 dur1oounnvs.436sqq.:

399 2445 435 2506 τὸ
459 2446 603 2526 μὲνγὰρ
629 2443 729 2507 αὐτὸν
755 2446 788 2507 εἰι
814 2449 924 2507 κακῶν
949 2442 1149 2523 πεφευγέναι

402 2557 545 2639 ἣδιστον,
574 2561 604 2632 ἐς
629 2563 731 2624 κακόν
756 2557 790 2624 δι’
816 2560 890 2632 τούς
914 2557 1027 2638 φίλους
1050 2563 1146 2638 ἄγειν

401 2669 566 2750 ἀλγεινὸν.
591 2669 703 2738 Ἀλλὰ
727 2679 858 2738 πάντα
883 2671 993 2736 ταῦθ’
1018 2677 1101 2754 ipone)
1125 2671 1239 2758 λαβεῖν

402 2787 472 2866 ἐμοὶ
497 2785 620 2866 πέφυκε
645 2793 700 2867 τῆς
724 2789 798 2867 ἐμῆς
823 2787 991 2870 σωτηρίας.

267 2894 447 2964 Nemodum
478 2907 566 2964 reete
598 2895 753 2984 explicuit
785 2895 973 2964 ultimorum
997 2896 1171 2964 verborum
1204 2915 1348 2964 sensnm.

223 3011 289 3080 Nec
325 3031 402 3080 sene
437 3010 528 3078 loeile
563 3010 651 3079 dictu
686 3022 752 3090 est,
790 3029 856 3098 quo
892 3009 956 3078 sint
991 3011 1159 3078 reserenda
1194 3011 1352 3078 vocabulo

221 3139 361 3196 πάντα
386 3129 515 3197 ταῦθ’.
565 3127 644 3196 Nam
669 3126 845 3216 quominus
862 3146 898 3194 ea
914 3126 1070 3194 voeabula
1093 3125 1290 3216 accipiamus
1314 3127 1354 3193 de

221 3241 366 3332 proxime
390 3243 607 3332 praegressis,
634 3242 701 3311 sive
725 3243 765 3310 de
789 3243 895 3310 verbis
912 3251 948 3311 τὸ
968 3251 1028 3329 μὲν
1049 3282 1093 3291 -
1114 3245 1268 3326 ἀλγεινόν
1287 3241 1353 3309 sive

222 3359 262 3426 de
286 3357 392 3426 verbis
417 3367 448 3436 ἐς
466 3367 567 3430 κακὸν
587 3397 622 3410 -
636 3361 804 3442 ἀλγεινόν,
823 3358 983 3426 sententio
1006 3357 1068 3425 loci
1092 3357 1262 3425 manifesto
1280 3379 1354 3447 pro-

224 3473 323 3541 hihet.
356 3475 424 3554 Quo
455 3495 490 3541 re
518 3474 680 3542 intellecta
705 3473 869 3540 Nauokius
893 3473 1125 3562 interpretetur
1141 3495 1251 3540 οιιιιιπ
1271 3475 1356 3542 eim-

224 3590 313 3657 modi
341 3589 613 3658 deliberationes:
643 3589 701 3658 sed
726 3591 844 3658 dooere
867 3589 1053 3678 supersedit
1077 3609 1147 3658 eam
1173 3590 1237 3656 vim
1261 3611 1355 3658 roca-

225 3703 310 3772 bulis
335 3717 445 3774 πάνια
469 3719 571 3774 ταῦτα
594 3726 778 3774 sermonem
802 3703 961 3774 Graecum
985 3705 1240 3794 permitterem,
1267 3706 1355 3792 quod

226 3841 291 3888 non
316 3819 424 3886 minus
441 3841 537 3908 grove
554 3833 620 3901 est,
639 3842 703 3889 non
728 3821 870 3889 ostendit
887 3841 953 3909 quo
971 3841 1068 3888 sensu
1086 3821 1220 3888 verbum
1239 3823 1355 3910 λαβεῖν

226 3937 390 4006 adiectum
415 3937 457 4004 sit
513 3937 617 4006 Verba
641 3937 740 4026 igitur
764 3947 917 4026 corrupta
949 3957 1020 4004 esse
1049 3937 1152 4004 habeo
1176 3935 1357 4026 persuasis-

227 4053 346 4121 simum
370 4073 429 4120 nee
456 4054 522 4121 lere
546 4053 677 4134 dubito,
703 4053 782 4144 quin
807 4052 983 4141 Sophocles
1008 4053 1151 4121 dederit:

519 4173 630 4238 Ἀλλὰ
655 4181 795 4239 πάντα
820 4165 934 4236 τᾶλλ’
959 4178 1042 4255 ἢσσω
1062 4173 1176 4259 λαβεῖν

406 4291 475 4371 ἐμοὶ
500 4288 621 4372 πέφυκε
647 4299 701 4371 τῆς
727 4291 801 4371 ἐμῆς
826 4291 995 4374 σωτηρίας.

229 4409 301 4480 aut,
338 4398 507 4480 simonis,
532 4402 638 4468 ἀλλὰ
662 4399 796 4469 τᾶλλα
820 4403 938 4471 πάντ’
965 4400 1066 4490 (quod
1090 4421 1155 4468 uon
1180 4408 1230 4466 est
1254 4395 1356 4486 magis

229 4522 417 4598 κακόφωνοι
444 4533 541 4601 quom
566 4524 689 4595 τούτοις
718 4525 810 4586 τοῦτο
838 4536 884 4583 rs
910 4517 987 4601 504)
1020 4515 1041 4582 i.
1063 4536 1090 4583 e.
1119 4513 1235 4582 ceteris
1262 4511 1360 4580 rebus
