2932 5004
640 373 700 436 145

129 553 232 625 Pouet
260 571 379 626 restant
409 559 586 625 innovando
618 561 651 624 in
682 559 721 623 ir.
749 557 810 624 vll
835 557 941 647 (vm)
966 581 1010 624 vs.
1036 564 1078 624 3:
1106 561 1264 641 ἐκρίναμεν

89 679 145 748 δεῖν
164 685 216 748 τὸν
239 683 415 762 ἐλέγχοντα
438 683 531 761 λόγον
553 683 608 756 τίρν
630 681 759 759 ἄγνοιαν
782 679 927 746 ἐκθέσθαι.
976 681 1075 747 Recte
1097 681 1167 748 cod.
1190 681 1263 748 Vat.

89 802 178 868 hebet
205 803 257 869 τόν
293 801 462 882 ἐλέγξοντα
485 804 568 880 xri„
603 801 657 869 sed
679 815 840 892 praeterea
864 801 1032 868 verborum
1055 801 1132 867 ordo
1155 803 1265 868 turba·

88 937 134 988 tus
165 947 233 989 esse
277 923 410 990 videtur.
460 925 611 990 Usitetius
656 937 740 990 certe
778 936 825 988 est
857 922 982 988 dicere:
1014 922 1067 988 τόν
1097 923 1267 1003 ἐλέγξοντα

87 1045 138 1118 rio
166 1043 295 1122 ἄγνοιαν
322 1045 414 1123 λόγον
446 1045 593 1110 ἐκθέσθαι.
642 1043 724 1110 Cum
758 1043 859 1110 verbis
889 1043 1008 1108 ultimis
1039 1043 1160 1111 utiliter
1181 1067 1266 1111 com·

87 1149 219 1254 posueris
250 1165 344 1232 rerba
374 1164 503 1231 Diodori
533 1189 570 1230 ex
600 1165 680 1230 librc
713 1166 729 1231 I
760 1187 788 1230 c.
816 1171 855 1230 5:
882 1166 995 1232 τῶνδὲ
1016 1163 1132 1248 χρόνων
1154 1165 1268 1231 τοιίτοιν

88 1286 337 1366 παρειλημμένων
356 1288 388 1350 ἐν
406 1286 506 1370 ταύτῃ
525 1297 565 1369 τῇ
584 1286 793 1371 πραγματεία
812 1287 883 1361 τοὺς
900 1286 958 1364 μὶν
976 1285 1033 1369 πρό
1051 1291 1111 1351 τῶν
1127 1290 1268 1369 Τρωίκῶν

87 1409 116 1470 od
148 1405 335 1488 διοριζόμεθα
369 1407 510 1485 βεβαίως
541 1406 596 1472 διά
629 1407 664 1471 τό
696 1407 790 1485 μηδὲν
820 1405 1025 1488 παράπηγμα
1055 1406 1125 1487 περὶ
1154 1407 1268 1473 τούτοιν

87 1526 262 1606 λαμβάνειν
293 1526 510 1605 πιστευόμενον
542 1529 606 1593 κτὲ.
654 1527 827 1594 Exstobnut
853 1529 974 1595 scilicet
996 1528 1124 1593 illorum
1147 1540 1269 1620 tempo·

88 1671 153 1713 rum
180 1647 377 1725 calendaria,
401 1647 455 1713 sed
481 1647 561 1735 (noli
583 1649 705 1736 mirari)
731 1621 891 1739 suppositr
913 1649 1030 1714 omnin.
1081 1649 1173 1735 Quod
1196 1652 1270 1715 atti-

87 1781 138 1834 net
163 1769 203 1834 nd
225 1769 338 1859 portic.
360 1768 595 1848 πιστευόμενον,
619 1768 651 1833 id
675 1771 778 1859 ipsum
802 1769 849 1835 rel
875 1769 960 1882 eliud
984 1769 1124 1836 eiusdem
1148 1770 1270 1860 signifi·

88 1893 213 1956 canonis
256 1887 333 1954 oliin
372 1913 503 1979 qnoque
541 1890 691 1955 exstitisse
725 1892 864 1979 suspicor
897 1891 931 1955 in
963 1891 1054 1969 loco,
1089 1891 1175 1958 nude
1207 1891 1270 1958 boc

89 2011 197 2102 fragm.
221 2023 404 2101 excerptum
423 2023 487 2088 est,
508 2009 561 2076 sed
582 2012 654 2076 sotis
674 2011 780 2101 inepte
800 2010 840 2075 nb
859 2011 1015 2101 eclogario
1027 2013 1266 2080 csseomissnm.

131 2132 332 2199 Pervenimus
366 2133 463 2221 igitur
497 2130 536 2195 od
570 2131 668 2198 finem
702 2131 776 2197 libri
805 2131 910 2196 ultimi
933 2132 1191 2214 Bibliothecae,
1216 2134 1271 2200 sed

91 2267 191 2320 temen
225 2253 385 2343 proposito
416 2263 522 2317 nostro
549 2225 696 2318 'nondum
727 2273 834 2317 sumus
863 2253 1036 2342 perfuncti3
1069 2254 1271 2346 quandoqui—

91 2375 157 2440 dem
190 2373 243 2440 rel
277 2385 347 2463 post
377 2373 589 2462 complurium
618 2371 851 2462 philologorum
883 2395 974 2438 ouras
1002 2395 1067 2439 non
1097 2374 1211 2441 desunt
1238 2377 1271 2440 in

91 2499 262 2587 excerptis
288 2491 568 2558 Scoriolcncibns
591 2515 628 2558 er
652 2492 763 2558 eodem
775 2491 933 2572 Diodoro,
958 2517 1040 2582 quae
1051 2496 1270 2563 emendatione

90 2616 223 2706 indigere
245 2615 422 2681 rideantur.
470 2613 558 2679 More
581 2625 687 2678 nostro
709 2635 928 2702 percurremus
947 2613 1081 2681 eandem
1099 2617 1271 2683 editionem

90 2737 354 2814 Teubnerianam,
376 2757 476 2825 quom
496 2735 619 2823 curarit
638 2734 815 2813 Bekkerus,
841 2736 1010 2824 etpnucis,
1033 2737 1059 2800 si
1071 2737 1147 2826 quid
1158 2751 1271 2804 notatu

89 2858 215 2949 dignum
238 2859 340 2922 risum
362 2841 475 2934 inerit,
499 2854 532 2920 id
552 2877 630 2920 cum
653 2855 771 2921 lectore
795 2855 1111 2923 communicabimus.

130 2980 200 3046 rint
231 2979 358 3044 initium
389 2979 422 3043 in
455 2977 495 3042 fr.
530 2977 582 3056 11,
615 2975 670 3042 nbi
701 2975 807 3042 editur
834 2999 933 3066 prope
962 2978 1078 3044 finem:
1111 2980 1182 3054 τοὺς
1212 2981 1271 3060 μὲν

88 3107 219 3180 εὐγενεῖς
252 3103 286 3166 ἐκ
314 3106 370 3174 τῆς
402 3097 520 3172 πόλεως
554 3097 702 3178 ἐκβαλεῖν
731 3097 938 3177 βουλεύεται,
973 3099 1086 3164 τῶνδὲ
1110 3107 1270 3180 συγγενῶν

87 3225 229 3288 Αἰτωλῶν
264 3222 350 3294 τινάς
385 3217 576 3300 κατοικίζειν.
626 3217 746 3306 Utique
770 3217 988 3308 reponendum
1012 3219 1136 3287 ridetur
1158 3222 1269 3300 ἐγκα·

89 3344 236 3426 τοικίζειν.

129 3465 229 3530 Verbi
264 3464 428 3553 compositi
458 3461 646 3552 praepositio
676 3459 832 3526 medelam
863 3473 1020 3550 exspectat
1054 3462 1088 3526 in
1118 3463 1158 3527 fr.
1190 3461 1266 3542 v113

85 3609 158 3650 nam
189 3583 324 3650 absurde
355 3583 521 3649 scribitur:
559 3580 851 3661 μεταπεμπομένων
881 3581 909 3645 δ’
938 3581 1039 3646 αὐτῶν
1066 3579 1118 3646 τίν
1148 3584 1269 3665 Περσέα

84 3708 170 3772 κατόν
200 3704 319 3787 πάχος,
352 3705 366 3769 θ
396 3705 453 3783 μὲν
484 3703 640 3776 Ὁστίλιος
668 3703 777 3782 λαβὼν
807 3700 943 3782 ὑποψίαν
964 3703 1123 3780 μετῆλθε
1146 3705 1269 3781 νυκτός,

83 3831 96 3892 θ
121 3829 155 3893 δὲ
176 3829 312 3910 Περσεὺς
333 3859 379 3875 -
402 3823 556 3906 άπέτυχε.
597 3824 730 3914 Aptius,
760 3835 796 3888 ut
820 3823 950 3912 opinor,
974 3823 1115 3912 legetur:
1142 3826 1270 3902 άπῆλθε

83 3947 209 4024 νυκτός,
233 3949 299 4013 κτὲ.

126 4069 188 4136 Vel
216 4069 317 4158 magis
347 4068 534 4133 seutentiam
564 4065 626 4131 loci
654 4063 791 4156 perdidit
822 4065 1021 4155 corruptela,
1055 4089 1137 4155 quse
1156 4067 1269 4134 invasit

81 4191 134 4276 (ir.
174 4189 254 4256 vm
288 4211 333 4254 rs.
371 4188 428 4274 26)
465 4187 578 4253 verbe:
620 4186 673 4252 καί
707 4187 743 4252 τί
776 4187 835 4265 μὲν
868 4187 984 4268 πρῶτον
1018 4187 1268 4276 διαπεμπόμενος

79 4311 234 4388 ἐπῆλθε
264 4315 323 4376 τῶν
353 4315 545 4392 στρατιωτῶν
574 4309 644 4382 τοὺς
668 4308 792 4382 οίκείους
814 4307 1018 4381 ἀποστάσεως
1041 4316 1186 4374 κοινωνεῖν
1208 4308 1267 4374 τῶν

79 4433 224 4499 ἐλπίδων.
283 4429 356 4497 Non
397 4429 545 4494 adortus
588 4437 661 4508 est,
697 4427 814 4508 credo,
863 4415 1030 4516 Dionysids
1061 4429 1177 4494 milites
1210 4427 1271 4495 sibi

80 4555 222 4633 amicos,
258 4551 312 4618 sed
342 4551 378 4618 iis
402 4550 624 4642 persuadere
655 4552 866 4630 conabatur,
891 4563 926 4614 nt
949 4571 1057 4615 secum
1080 4547 1267 4632 deficereut3

80 4678 191 4766 itaque
225 4674 436 4742 necessarium
470 4685 516 4742 est
548 4685 673 4762 tempus
705 4671 929 4760 imperfectum
965 4667 1052 4734 serbi
1075 4671 1204 4746 πείθειν,
1238 4683 1270 4737 et

1008 4789 1044 4843 19
