2974 5016
587 431 648 492 159

53 601 211 688 Vulgatur
232 595 353 668 τοιάδε.
377 601 550 688 Utriusque
572 601 733 680 vocabuli,
756 604 899 688 quemvis
918 609 1033 670 certum
1054 609 1086 668 et
1109 625 1183 668 con-

52 723 137 782 stans
159 723 207 782 eet
222 717 302 804 apud
328 723 442 782 veteres
461 719 589 784 Atticos
609 719 798 798 discrimen,
822 719 965 804 frequens
984 721 1076 785 estin
1094 719 1185 784 codd.

51 833 202 898 confusio.

95 949 205 1012 Lrurn
229 947 326 1012 VIII.

94 1063 170 1149 Gap.
204 1065 221 1128 I
258 1065 276 1146 p
309 1067 346 1127 3:
382 1060 448 1126 καὶ
477 1057 523 1127 ud
552 1062 617 1128 cciv
657 1054 836 1147 συμμάχων
874 1061 913 1138 ἐς
950 1053 1185 1152 ἀσφάλειον

51 1181 280 1258 ποιεῖσθαι,
304 1177 509 1242 Locutionenr
527 1176 580 1243 hic
607 1177 729 1243 obviam
747 1200 807 1242 non
836 1197 960 1265 possum
983 1199 1046 1241 non
1076 1199 1185 1242 vocare

50 1289 84 1352 in
111 1290 248 1355 dubium.
278 1291 423 1379 Cogitavi
459 1291 497 1356 de
526 1293 701 1380 reponendo
732 1290 768 1366 ἐς
799 1281 983 1379 ἀσφάλειον
1012 1289 1184 1357 τίθεσθαι.

50 1404 110 1469 sed
145 1407 259 1470 retinet
293 1429 342 1472 me
374 1407 540 1494 cogitatio,
584 1410 617 1473 in
651 1429 688 1472 ea
710 1429 743 1472 re
777 1406 912 1472 Graecos
947 1403 1049 1468 dicere
1087 1403 1185 1470 solere

49 1517 88 1582 ἐν
108 1509 291 1606 ἀσφαλεῖ.
316 1521 495 1588 Videndum
508 1524 656 1610 igiturne
681 1523 761 1587 forte
784 1518 884 1584 Theo.
902 1519 1040 1584 dederit:
1063 1516 1127 1584 καὶ
1142 1511 1184 1582 eoi

49 1633 113 1694 τῶν
133 1622 310 1716 συμμάχων
330 1625 554 1723 ἀσφάλειαν
574 1639 802 1715 ποιεῖσθαι,
826 1631 925 1698 delete
948 1633 1184 1720 praepositione,

48 1765 128 1828 quae
161 1746 311 1831 originem
356 1747 464 1813 debeat
498 1751 591 1815 initio
622 1749 779 1834 sequentis
814 1747 973 1824 vocabuli,
1005 1755 1041 1812 ut
1073 1767 1181 1812 seusus

49 1861 109 1924 sit:
132 1863 320 1946 aequorea
339 1865 436 1929 socios
459 1867 575 1931 attinet
585 1869 781 1930 securitatem
792 1864 854 1928 etti
864 1883 1047 1948 cornparare.
1072 1861 1181 1927 Malim

49 1984 172 2040 tamen:
193 1965 280 2042 xeno
299 1999 328 2040 τ.
350 1996 381 2042 ο.
403 1970 586 2065 ἀσφάλειον
606 1981 791 2045 ποιεῖσθαι.
815 1979 836 2042 i.
855 1999 880 2043 e.
899 2001 919 2042 a
939 1981 1040 2044 sociis.
1057 1977 1181 2043 Etenim

49 2091 128 2156 socii
139 2089 379 2155 Atheniensium
402 2096 474 2177 port
493 2089 610 2157 cladem
632 2089 770 2157 Siculam
783 2091 821 2158 ad
838 2093 1028 2160 adversarios
1053 2093 1183 2159 deficere

50 2211 235 2293 coeperant,
257 2205 445 2290 dequceere
467 2208 499 2272 in
521 2209 659 2294 proxime
681 2209 867 2296 praegressis
887 2210 1019 2297 scriptor
1036 2209 1182 2294 loquitur.

94 2323 163 2407 Cep
180 2325 219 2386 15
243 2321 331 2385 init:
352 2313 396 2394 Ἐς
415 2318 454 2386 δὲ
473 2313 535 2396 τοὶς
554 2313 697 2410 Ἀθήνας
716 2315 799 2404 ccxii
831 2312 965 2408 dyyellu
984 2323 1054 2410 τῆς
1081 2320 1183 2388 Χίου

49 2428 289 2522 ἀφικνεῖται.
310 2435 440 2521 Propter
471 2434 620 2502 ductuum
651 2435 887 2501 similitudinem
912 2443 982 2523 port
1002 2435 1183 2526 ἀφικνεῖται

49 2549 142 2614 saoile
175 2549 297 2616 exidere
328 2552 433 2638 potuit
465 2544 527 2616 ὅτι
547 2542 760 2639 οἷφὶςοέναι,
787 2551 835 2616 uel
868 2548 919 2618 ὅτι
948 2543 1103 2638 dureque.
1131 2548 1183 2612 Ita

48 2667 148 2729 forma
178 2665 327 2730 orationis
358 2665 468 2731 similis
502 2665 562 2730 erit
591 2663 683 2730 huice
706 2665 744 2752 (Ι.
767 2665 841 2752 61):
868 2655 953 2752 ἦλθε
981 2667 1053 2736 τοῖς
1084 2653 1182 2747 Ἀθη-

48 2777 154 2853 ναίοις
174 2770 277 2852 εὐθύς
297 2771 466 2866 ἦοῖγγελία
484 2779 558 2843 τοῖν
579 2769 735 2844 πόλεων
755 2773 814 2844 ὅτι
835 2770 1020 2866 οἶφεςᾶσι.
1040 2775 1183 2841 Fortasse

48 2899 153 2958 tamen
177 2892 258 2957 nihil
279 2894 464 2958 novandum.

95 3009 172 3094 (lep.
188 3011 231 3073 26
256 3008 332 3073 med.
354 3004 578 3072 emmenum
599 3002 633 3080 ἐς
652 3003 764 3093 Λέρον
783 3005 915 3090 πρῶτον
937 3001 1006 3092 [τῆν
1027 2997 1095 3092 πρό
1119 3011 1183 3070 Μι-

49 3117 148 3206 λήτου
170 3121 286 3208 educet
321 3117 508 3187 Huiusmodi
539 3117 750 3184 additamenta
776 3117 982 3206 geographica
1010 3139 1119 3205 magna
1144 3139 1182 3182 ex

50 3241 139 3321 perte
174 3257 190 3299 a
222 3237 328 3302 sciolis
358 3239 417 3304 iem
447 3235 622 3322 antiquitus
653 3238 789 3299 veterum
821 3234 948 3320 scriptis
972 3233 1095 3298 invecta
1119 3256 1184 3297 esse

49 3351 128 3414 sutis
160 3357 290 3416 constat
320 3353 383 3418 Hic
406 3351 605 3439 interpolatio
627 3371 664 3414 eo
687 3349 875 3413 luculentior
898 3359 960 3424 est,
984 3369 1044 3432 quo
1068 3350 1183 3413 certius

49 3467 197 3530 novimus
224 3467 339 3533 Lerum
358 3469 490 3534 insulam
509 3489 571 3531 non
590 3487 645 3553 pro
670 3463 779 3529 Mileto
802 3463 855 3528 sed
880 3483 972 3550 prope
1006 3465 1128 3529 Icarum
1153 3471 1184 3530 et

50 3580 218 3647 Patlrmum
250 3585 341 3649 sitem
369 3585 473 3650 luisse.
496 3579 708 3668 Interpolator
732 3585 833 3644 autem
858 3581 966 3643 Laden
993 3577 1126 3643 insulam
1150 3579 1198 3668 in·

50 3698 162 3762 codice
193 3720 249 3762 ouo
281 3699 392 3787 legisse
423 3699 557 3774 videtur,
590 3696 651 3761 niri
675 3696 755 3759 forte
778 3694 940 3759 memoriae
963 3691 1046 3758 hunc
1065 3694 1183 3780 lapsum

50 3835 118 3878 esse
149 3813 272 3878 credere
296 3816 401 3879 meris.
436 3815 483 3881 of.
507 3819 606 3878 autem
631 3831 695 3896 cap.
722 3811 762 3873 17
782 3815 858 3873 extr.
882 3816 913 3874 et
937 3809 978 3872 27
999 3809 1068 3874 init.
1092 3809 1185 3875 Solus

50 3929 131 3993 liber
163 3926 236 3992 Vet.
265 3931 398 3995 servavit
429 3927 552 4017 Ae'pov,
598 3925 679 3990 unde
712 3923 872 3989 Beklrerus
905 3925 1028 4010 recepit.
1060 3925 1183 4010 Reliqui

50 4034 169 4121 Flecte,
197 4045 290 4108 variis
312 4043 493 4110 accentibus
517 4041 747 4127 spiritibusque.

96 4159 175 4244 Cap.
189 4163 242 4222 28.
264 4149 421 4245 Ἀμόργην
442 4154 545 4234 ζῶντα
565 4143 720 4234 λαβόντες
742 4141 969 4229 [Πισσούθνου
992 4143 1091 4217 eo'ee
1108 4148 1185 4232 οἷόν,

50 4262 212 4358 ἆφεςῶτα
233 4269 270 4336 δὲ
291 4267 465 4353 βασιλέως]
489 4267 595 4332 Delevi
616 4266 693 4331 mule
716 4267 847 4350 repetita
869 4287 886 4327 e
909 4287 974 4350 cap.
993 4265 1030 4328 V.
1054 4267 1092 4330 ln
1112 4287 1187 4350 sqq„

52 4385 136 4469 quod
162 4385 200 4448 ad
225 4377 373 4472 δαρεικόν
395 4383 539 4459 additur,
561 4385 686 4466 ςανῆρο
708 4387 884 4466 suspectum
915 4385 976 4456 est;
1013 4386 1044 4444 et
1078 4381 1185 4465 procul
