2990 5012
696 482 738 546 23

152 679 254 756 μιθα,
279 691 374 757 quarn
396 669 582 752 lectionem,
604 668 667 736 nisi
688 668 795 753 fallor,
818 667 913 734 nimis
932 666 1025 734 avide
1043 667 1211 753 amplexus
1230 673 1279 734 est

155 787 344 854 Meinelrius.
375 785 503 852 Etenim
526 784 671 851 sollemni
692 803 753 850 usu
775 783 859 852 servi
882 783 1031 850 dicuntur
1057 781 1178 848 Graece
1204 803 1277 850 oon-

154 901 237 969 vivis
267 901 352 964 κατὰ
384 901 488 986 χειρὸς
520 919 546 967 s.
571 901 656 962 κατὰ
682 901 800 984 χειρῶν
826 895 1019 962 διδόναι.
1046 895 1106 963 Off.
1129 897 1277 964 Arche-

154 1015 273 1082 dious
302 1015 365 1082 vol.
389 1013 435 1080 IV
457 1035 489 1100 p.
513 1013 579 1078 435
604 1010 655 1101 (fr.
682 1014 718 1078 1:
743 1011 797 1101 3),
825 1012 975 1078 Alexis
997 1012 1059 1078 vol.
1083 1012 1135 1077 ΙΙΙ
1156 1032 1187 1097 p.
1211 1011 1275 1077 501

155 1128 207 1218 (fr.
229 1130 265 1195 1:
287 1127 341 1218 2),
366 1127 601 1214 Philyllius
622 1127 686 1194 vol.
712 1127 745 1192 II
768 1147 799 1213 p.
823 1125 886 1192 857
913 1123 965 1214 (fr.
991 1125 1043 1215 1),
1072 1124 1275 1210 teutonique,

152 1241 537 1328 &Aristophanes
559 1242 622 1308 vol.
646 1242 680 1307 II
699 1263 730 1326 p.
753 1239 840 1306 1154
861 1238 913 1328 (ir.
928 1239 1002 1328 16),
1023 1239 1277 1327 Posidippus

152 1357 215 1425 vol.
247 1357 292 1422 IV
322 1377 353 1442 p.
385 1354 451 1422 523
483 1353 535 1442 (fr.
562 1357 599 1420 1:
625 1354 693 1443 10).
724 1355 794 1422 Hoo
823 1374 899 1422 vero
921 1356 1052 1421 verbum
1075 1355 1202 1441 ponitur
1223 1363 1279 1422 aut

151 1469 260 1538 addito
290 1475 346 1536 aut
376 1469 492 1536 omisso
522 1469 620 1536 verbo
650 1475 883 1554 καταχεῖσθαι.
916 1467 964 1534 Of.
995 1467 1092 1535 Arist.
1116 1469 1177 1536 Av.
1201 1469 1277 1536 463.

152 1585 315 1651 Convivae
333 1589 439 1650 autem
451 1581 597 1649 dicuntur
610 1586 695 1647 κατὰ
713 1584 816 1669 χειρὸς
837 1603 862 1650 s.
885 1585 1002 1670 χειρῶν
1020 1581 1274 1670 λαμβάνειν.

154 1697 215 1764 off.
238 1697 509 1765 Nicostratus
531 1699 594 1764 vol.
618 1699 669 1764 111
691 1720 722 1784 p.
746 1698 829 1781 287,
853 1697 1069 1764 Menander
1090 1700 1154 1766 vol.
1178 1700 1224 1764 IV
1245 1722 1277 1786 p.

154 1813 219 1878 208
245 1808 313 1901 (4),
339 1810 571 1878 Clearchus
592 1812 635 1878 ib.
658 1835 689 1898 p.
713 1811 795 1896 563,
820 1813 1072 1880 Demonious
1094 1813 1136 1879 ib.
1156 1812 1276 1900 poto

152 1925 313 1992 Potuisset
335 1925 431 2010 igitur
452 1931 563 2012 poeto:

222 2039 291 2104 ἐπεὶ
317 2037 345 2102 δ’
369 2041 388 2103 o‘
410 2039 545 2122 τρίπους
569 2042 669 2123 ἤρθη,
696 2041 780 2102 κατὰ
805 2041 922 2126 χειρῶν
947 2038 975 2104 τ’
1001 2037 1224 2127 ἐλάβομεν.

153 2153 239 2222 unde
261 2175 325 2221 non
349 2153 510 2221 diversum
533 2159 598 2238 est,
623 2160 659 2220 ut
682 2153 809 2241 opinor:

465 2269 549 2331 κατὰ
575 2271 691 2354 χειρῶν
717 2268 744 2332 τ’
770 2267 955 2354 εἴχομεν.

152 2383 257 2463 Quare
286 2382 395 2467 utiquo
416 2381 596 2450 revocanda
618 2382 744 2450 videtur
766 2382 923 2450 Athenaei
945 2381 1089 2450 oodioum
1112 2383 1274 2472 seriptum.

196 2611 275 2695 Pag.
300 2610 375 2678 157.
399 2611 480 2678 Ino.
504 2610 597 2678 Fau.
620 2611 658 2676 fr.
683 2611 849 2678 LXXVII.

197 2725 250 2791 Ad
280 2733 464 2810 reportetur
497 2723 698 2810 παλαῖστραι
728 2725 922 2812 comparavit
944 2725 1128 2793 Dindorfius
1150 2726 1277 2793 titulum

151 2859 203 2925 ap.
226 2838 423 2906 Boeokhium
447 2837 484 2905 (λ.
508 2839 534 2904 Ι.
558 2841 575 2905 I
598 2861 630 2926 p.
654 2841 736 2906 374:

242 2953 355 3017 εἰκόνα
378 2950 475 3033 τήνδε
499 2957 669 3028 Ποθεῖνος
694 2955 727 3018 ἐν
754 2952 982 3040 εὐφήβοισι
1007 2952 1225 3039 παλαίστραις

243 3065 358 3142 τεύξας
383 3069 543 3150 κοσμητοῡ
568 3071 697 3148 θήκατο
721 3067 930 3150 Νυμφιδίου.

198 3179 312 3248 Merito
341 3181 458 3248 reiecta
488 3181 643 3248 Dindorfii
674 3183 853 3269 suspicione
877 3181 1045 3268 ιύφήβοισι
1069 3185 1111 3250 ab
1133 3183 1278 3269 imperito

152 3301 247 3382 poeta
264 3295 402 3382 positum
425 3315 495 3362 esse
517 3317 575 3381 pro
599 3297 760 3382 ἐφήβαια,
786 3297 965 3364 Meinekius
987 3297 1055 3383 ipse
1077 3318 1142 3363 non
1164 3297 1278 3364 molius

153 3408 289 3476 eonieoit
312 3408 469 3495 ιύήβοισι,
495 3409 580 3494 quod
603 3431 643 3476 ne
667 3411 823 3477 Graecum
846 3410 973 3495 quidem
996 3412 1184 3477 vocabulum
1206 3431 1277 3478 esse

151 3521 288 3590 videtur.
322 3523 374 3589 Ab
403 3523 458 3590 illo
487 3521 615 3607 quidem
638 3524 768 3590 orimine
790 3523 882 3590 facile
904 3543 939 3590 se
962 3523 1111 3590 defendet
1132 3543 1205 3590 mea
1226 3547 1277 3593 su-

151 3637 251 3723 spicio
269 3642 396 3722 poetam
415 3635 554 3704 voluisse
574 3638 608 3701 ἐν
630 3636 858 3720 εὐφήμοισι
879 3635 1079 3720 παλαίςραις
1098 3639 1119 3704 i.
1133 3659 1160 3705 e.
1180 3659 1275 3724 quae,

151 3755 188 3817 ut
226 3769 298 3817 oum
336 3749 476 3820 Homero
514 3751 638 3837 loquar,
678 3752 899 3820 exercentibus
931 3751 1148 3838 impertiantur
1183 3751 1276 3829 κλέος

153 3861 286 3928 ἐσθλόν.

197 4093 276 4178 Pag.
301 4092 376 4158 207.
400 4092 556 4158 Eubuli
578 4091 984 4160 ΛΝΑΣΩΖΟΜΕΝΟΙ.

377 4206 511 4291 ‘'Eupot
538 4205 572 4271 δὲ
598 4213 745 4274 θεοῖσι
771 4208 1055 4294 συμπεπλεγμένοι
