2944 5002
762 341 804 402 34

200 525 382 589 Genuinum
435 547 550 589 nomen
593 525 679 590 urbis
723 547 789 590 esse
836 521 1047 607 Συράκουσαι,
1093 526 1269 590 incolarum
1313 547 1389 590 vero

205 644 383 726 Συρακόσιοι
416 646 557 734 quamvis
589 644 682 710 hodie
707 669 800 710 nemo
825 647 967 735 ignorat,
992 646 1199 712 nihilominus
1220 647 1297 711 istae
1320 669 1390 711 sor·

199 765 254 832 des
298 765 338 830 ab
372 765 543 832 editoribus
578 767 781 856 pertinaciter
814 767 1001 832 retinentur.
1062 766 1208 832 Eundem
1245 765 1389 832 codicem

199 885 291 953 ualde
315 887 511 976 negligenter
530 911 595 953 esse
615 901 776 953 exaratum
796 900 828 954 et
848 889 970 977 saepius
990 887 1151 954 vocabulis
1166 909 1273 954 carere
1290 909 1390 976 quam

199 1007 335 1072 maxime
358 1010 539 1074 necessariis
564 1009 687 1097 (ignoro
710 1010 816 1087 enim,
841 1031 904 1098 qua
928 1007 991 1074 fide
1014 1008 1056 1074 ll.
1083 1007 1225 1074 codicem
1245 1005 1390 1097 descrip-

201 1127 309 1214 serit),
335 1129 552 1216 unusquisque
575 1129 658 1194 inter
680 1127 850 1218 legendum
873 1128 966 1194 lacile
990 1128 1049 1193 sibi
1067 1127 1279 1218 persuadebit.
1317 1129 1391 1194 lam

115 1289 119 1304 .
200 1271 229 1312 r.
263 1269 292 1314 c.
320 1249 352 1312 in
375 1249 436 1314 hoc
459 1250 525 1338 ipso
550 1249 590 1314 lr.
615 1249 661 1316 IX
681 1249 770 1316 uides
793 1251 827 1314 in
849 1249 951 1316 verbis
975 1248 1098 1323 πιόντας
1122 1247 1310 1331 ἀπόσφαξον
1333 1251 1392 1315 οὐκ

200 1367 351 1439 ε’λοίττους
373 1376 431 1436 τῶν
455 1371 613 1452 δισχιλίων
637 1370 805 1438 desiderari
828 1384 910 1460 part.
935 1369 1027 1466 όνταςΙ
1045 1383 1115 1460 post
1135 1369 1302 1444 ἐλοίττους;
1323 1393 1390 1458 qua

201 1489 241 1555 dc
273 1514 307 1556 re
339 1493 364 1556 si
394 1491 474 1557 forte
509 1492 578 1581 quis
609 1491 752 1571 dubitat,
786 1492 926 1560 conferat
957 1491 1035 1558 mihi
1059 1493 1098 1558 lr.
1126 1491 1172 1569 X,
1198 1491 1253 1556 ubi
1276 1489 1392 1556 eadem

203 1609 254 1676 sed
281 1613 446 1678 emendate
470 1613 585 1702 scripta
607 1613 768 1702 leguntur.

247 1732 286 1798 ln
306 1733 344 1798 lr.
368 1725 413 1798 xl
434 1733 508 1820 (lv)
528 1734 636 1800 vitiose
656 1733 740 1800 dicta
762 1749 854 1814 sunt,
879 1735 932 1801 sed
952 1735 1081 1800 fortasse
1102 1733 1220 1823 abipso
1235 1733 1391 1810 Diodoro,

202 1875 284 1940 quae
306 1853 456 1942 leguntur
477 1856 586 1920 initio:
610 1855 661 1920 ἐπὶ
685 1856 856 1938 Κρότωνος
877 1855 1054 1936 στρατεύειν
1069 1855 1190 1944 proici
1211 1853 1390 1936 Κρότωνα,

202 1973 256 2040 sed
272 1976 360 2064 peius
371 1975 479 2040 habita
493 1989 566 2042 sunt
580 1977 763 2066 sequentia,
786 1978 830 2042 sic
842 1977 926 2055 fere,
952 1977 984 2042 ni
996 1975 1108 2054 fallor,
1122 1974 1366 2064 redintegranda
1381 2001 1389 2040 :

204 2097 424 2176 Διανοοόμενος
455 2095 505 2183 (θ’)
542 2097 593 2160 ἐπί
628 2095 771 2177 Κρότωνα
805 2095 983 2178 στρατεύειν
1018 2098 1090 2178 πρὸς
1124 2096 1302 2174 Μενέδημον
1336 2099 1393 2162 τὸν

201 2217 412 2295 Κροτωνιατῶν
441 2215 584 2296 τόροοννον
616 2217 725 2282 ἑαυτοῦ
754 2217 847 2299 Φόλον
870 2217 943 2284 όντοο
967 2215 1108 2298 ἔπεμψεν
1134 2215 1392 2299 οίνγελιαφόρον,

203 2338 248 2415 μη
279 2337 468 2416 θορυβεῖσθαι
494 2338 606 2410 αὐτοὺς
628 2337 764 2417 ψευδῶς,
790 2339 857 2424 (cic)
881 2339 1017 2412 θέλοντος
1043 2336 1165 2426 αθ(τοῦ)
1189 2339 1244 2412 την
1270 2335 1391 2424 (πόλιν)

203 2463 419 2536 πολιορκῆσαι,
452 2456 625 2524 Λοίνασσοον
657 2459 713 2533 την
744 2459 900 2540 θυγατέρα
931 2457 1031 2537 λόγων
1060 2457 1197 2537 πέμπειν
1229 2458 1301 2540 πρὸς
1332 2463 1392 2534 τὴν
1468 2539 1469 2542 ¹

201 2579 364 2658 Ἥπειρον;
400 2577 434 2642 in
470 2577 584 2667 quibus
620 2577 721 2644 verbis
757 2602 838 2668 quae
869 2579 908 2645 de
940 2580 1120 2645 coniectura
1148 2600 1219 2644 mea
1249 2581 1393 2658 inserui,
1468 2553 1469 2568 .

204 2698 327 2764 uncinis
358 2697 551 2787 significari,
583 2711 725 2765 ceterum
751 2723 792 2765 ne
815 2701 919 2766 littera
944 2699 1071 2788 quidem
1093 2712 1227 2766 mutata.
1275 2699 1393 2787 Neque

202 2819 295 2884 nimis
319 2819 432 2885 audaci
454 2821 637 2886 coniectura
660 2843 711 2886 me
734 2822 778 2885 ita
801 2821 946 2910 supplere
970 2821 1019 2888 rel
1039 2843 1109 2900 eos,
1135 2823 1189 2910 qui
1202 2843 1269 2888 rem
1281 2822 1395 2910 palae-

202 2939 405 3028 ographicam
428 2963 540 3030 parurn
564 2941 719 3018 calleant,
744 2965 833 3031 spero
856 2965 922 3008 esse
945 2942 1172 3008 intellecturos.

248 3060 431 3126 Ridiculum
454 3073 501 3126 est
522 3062 605 3151 quod
626 3063 772 3152 vulgatur
791 3063 909 3128 ibidem
925 3087 968 3129 vs.
991 3067 1044 3128 ll:
1067 3059 1138 3130 εἶτα
1156 3065 1394 3144 πολιορκήσας

202 3183 266 3248 cini
300 3180 460 3256 θαλοίσσης
495 3184 541 3256 είς
573 3181 735 3249 θοίλατταν
769 3183 939 3264 περιέβαλε
971 3184 1075 3266 τείχη.
1123 3183 1158 3250 Si
1196 3186 1282 3251 enim
1314 3185 1396 3252 licet

204 3302 294 3368 nobis
318 3303 468 3393 suspicari
489 3302 696 3392 Agathoclem
718 3304 750 3368 id
771 3304 898 3384 iecisse,
921 3303 1005 3393 quod
1026 3327 1134 3372 omnes
1158 3305 1272 3394 reliqui
1294 3305 1400 3374 duces

203 3425 234 3488 in
259 3446 292 3490 re
315 3423 410 3489 simili
432 3423 535 3490 facere
559 3424 722 3504 solebant,
748 3447 855 3489 rerum
880 3438 926 3490 est
949 3425 1187 3507 πολιορκήσων.

250 3543 305 3624 Si,
330 3559 471 3636 utsupra
484 3545 638 3626 vidimus,
660 3547 825 3634 aliquoties
843 3545 974 3626 accidit,
998 3548 1077 3612 utin
1089 3549 1241 3637 excerptis
1254 3547 1400 3619 lloeseh.

206 3665 395 3732 vocabulum
420 3679 474 3732 aut
497 3667 651 3732 vocabula
675 3666 867 3746 exciderint,
893 3665 967 3732 alibi
990 3667 1024 3732 in
1035 3666 1146 3733 iisdem
1157 3669 1296 3736 invenies
1310 3693 1402 3759 quae

205 3787 338 3876 turpiter
373 3787 557 3866 abundent,
595 3801 630 3852 ut
664 3789 698 3852 in
732 3789 846 3878 fragm.
880 3787 955 3854 xlv
988 3787 1066 3875 (vl)
1097 3788 1153 3852 ubi
1191 3803 1262 3878 post
1298 3813 1398 3860 rom:

204 3907 407 3988 Ἀντίπατρον
438 3909 489 3974 τόν
515 3910 706 3990 μητραλοίαν
737 3910 853 3999 legitur
875 3909 937 3975 hoc
961 3909 1228 3976 additamentum:
1253 3910 1406 3994 οίδελφὸυ

205 4032 259 4094 τοῦ
287 4026 507 4110 Ἀλεξάνδρου,
540 4053 734 4118 quamquam
762 4031 856 4095 tertio
886 4043 960 4095 ante
992 4053 1082 4096 versu
1112 4030 1232 4097 dixerat
1255 4031 1405 4100 Alexan-

206 4149 299 4214 drum
330 4149 424 4214 luisse
453 4149 584 4216 fratrem
613 4151 783 4240 Antipatri.
833 4150 867 4216 si
897 4129 953 4216 his
984 4165 1016 4218 et
1039 4151 1154 4218 similes
1177 4154 1312 4243 ineptias
1335 4158 1407 4222 tri-

207 4271 304 4336 buere
328 4272 372 4334 ris
397 4272 616 4360 epitomatori,
640 4295 697 4362 per
720 4295 771 4338 me
794 4272 887 4351 licet,
912 4271 1005 4338 modo
1029 4297 1070 4338 ne
1092 4274 1195 4362 ipsum
1220 4273 1406 4346 Diodorum

207 4392 250 4454 ita
270 4392 405 4458 scribere
428 4394 564 4480 potuisse
588 4392 646 4457 tibi
669 4391 866 4482 persuadeas.

254 4510 325 4574 Non
349 4515 452 4580 miuus
472 4514 569 4577 otiosa
589 4512 801 4579 additamenta
813 4514 1004 4580 eliminanda
1017 4515 1163 4580 ridentur
1174 4519 1213 4582 fr.
1229 4517 1288 4582 XV
1302 4517 1408 4608 (Vll)

211 4629 347 4698 lloesch.
378 4655 396 4695 c
429 4631 549 4698 verbis:
585 4636 636 4702 καί
670 4635 721 4701 θοόν
754 4635 930 4724 [μηχανῶν]
966 4637 1160 4722 πετροβόλων
1195 4647 1250 4714 τῆς
1275 4637 1410 4720 πόλεως
