<?xml version="1.0" encoding="UTF-8"?>
<!DOCTYPE html PUBLIC "-//W3C//DTD XHTML 1.0 Transitional//EN"
    "http://www.w3.org/TR/xhtml1/DTD/xhtml1-transitional.dtd">
<html xmlns="http://www.w3.org/1999/xhtml" xml:lang="en" lang="en">
 <head>
  <title>
</title>
<meta http-equiv="Content-Type" content="text/html;charset=utf-8" />
  <meta name='ocr-system' content='tesseract 3.04.00' />
  <meta name='ocr-capabilities' content='ocr_page ocr_carea ocr_par ocr_line ocrx_word'/>
</head>
<body>
  <div class='ocr_page' id='page_1' title='image "./exercitationesc02herwgoog/exercitationesc02herwgoog_0109.png"; bbox 0 0 2932 5004; ppageno 0'>
   <div class='ocr_carea' id='block_1_1' title="bbox 771 299 814 360">
    <p class='ocr_par' dir='ltr' id='par_1_1' title="bbox 771 299 814 360">
     <span class='ocr_line' id='line_1_1' title="bbox 771 299 814 360; baseline 0 0"><span class='ocrx_word' id='word_1_1' title='bbox 771 299 814 360; x_wconf 83' lang='grc'><strong>80</strong></span> 
     </span>
    </p>
   </div>
   <div class='ocr_carea' id='block_1_2' title="bbox 205 479 1389 576">
    <p class='ocr_par' dir='ltr' id='par_1_2' title="bbox 205 429 1457 576">
     <span class='ocr_line' id='line_1_2' title="bbox 205 479 1389 576; baseline -0.004 -24"><span class='ocrx_word' id='word_1_2' title='bbox 205 498 330 576; x_wconf 87' lang='lat' dir='ltr'><strong>praeter</strong></span> <span class='ocrx_word' id='word_1_3' title='bbox 353 485 477 575; x_wconf 71' lang='lat' dir='ltr'><strong>Polybii</strong></span> <span class='ocrx_word' id='word_1_4' title='bbox 498 487 521 553; x_wconf 89' lang='grc' dir='ltr'><strong>Ι.</strong></span> <span class='ocrx_word' id='word_1_5' title='bbox 547 485 571 554; x_wconf 96' lang='lat' dir='ltr'><strong>l.</strong></span> <span class='ocrx_word' id='word_1_6' title='bbox 619 483 849 571; x_wconf 71' lang='lat' dir='ltr'>Hieronymum</span> <span class='ocrx_word' id='word_1_7' title='bbox 873 479 911 546; x_wconf 93' lang='lat' dir='ltr'><strong>ad</strong></span> <span class='ocrx_word' id='word_1_8' title='bbox 936 479 1099 548; x_wconf 76' lang='lat' dir='ltr'><strong>Danielem</strong></span> <span class='ocrx_word' id='word_1_9' title='bbox 1123 503 1152 546; x_wconf 92' lang='lat' dir='ltr'><strong>e.</strong></span> <span class='ocrx_word' id='word_1_10' title='bbox 1169 480 1232 562; x_wconf 79' lang='lat' dir='ltr'><strong>xl,</strong></span> <span class='ocrx_word' id='word_1_11' title='bbox 1245 481 1389 560; x_wconf 77' lang='lat' dir='ltr'><strong>tom.V‚</strong></span> 
     </span>
    </p>
   </div>
   <div class='ocr_carea' id='block_1_3' title="bbox 206 605 1457 816">
    <p class='ocr_par' dir='ltr' id='par_1_3' title="bbox 206 605 1457 822">
     <span class='ocr_line' id='line_1_3' title="bbox 206 605 1457 674; baseline 0.006 -2"><span class='ocrx_word' id='word_1_12' title='bbox 206 605 257 672; x_wconf 91' lang='lat' dir='ltr'><strong>ed.</strong></span> <span class='ocrx_word' id='word_1_13' title='bbox 284 605 397 674; x_wconf 84' lang='lat' dir='ltr'><strong>Venet.</strong></span> <span class='ocrx_word' id='word_1_14' title='bbox 1456 665 1457 668; x_wconf 63' lang='lat'>,</span> 
     </span>
     <span class='ocr_line' id='line_1_4' title="bbox 248 723 1389 816; baseline -0.002 -24"><span class='ocrx_word' id='word_1_15' title='bbox 248 727 390 794; x_wconf 82' lang='lat' dir='ltr'><strong>idonenti</strong></span> <span class='ocrx_word' id='word_1_16' title='bbox 413 728 497 794; x_wconf 83' lang='lat' dir='ltr'><strong>Maio</strong></span> <span class='ocrx_word' id='word_1_17' title='bbox 520 727 736 816; x_wconf 87' lang='lat' dir='ltr'><strong>obtemperare</strong></span> <span class='ocrx_word' id='word_1_18' title='bbox 760 723 941 790; x_wconf 77' lang='lat' dir='ltr'><strong>debuissent</strong></span> <span class='ocrx_word' id='word_1_19' title='bbox 964 723 1099 791; x_wconf 89' lang='lat' dir='ltr'><strong>editores</strong></span> <span class='ocrx_word' id='word_1_20' title='bbox 1111 725 1145 790; x_wconf 93' lang='lat' dir='ltr'><strong>in</strong></span> <span class='ocrx_word' id='word_1_21' title='bbox 1156 725 1194 790; x_wconf 84' lang='lat' dir='ltr'><strong>ir.</strong></span> <span class='ocrx_word' id='word_1_22' title='bbox 1209 724 1269 790; x_wconf 83' lang='lat' dir='ltr'><strong>XX</strong></span> <span class='ocrx_word' id='word_1_23' title='bbox 1283 724 1389 813; x_wconf 81' lang='lat' dir='ltr'>(XVI)</span> 
     </span>
    </p>
   </div>
   <div class='ocr_carea' id='block_1_4' title="bbox 202 821 1392 936">
    <p class='ocr_par' dir='ltr' id='par_1_4' title="bbox 202 821 1457 948">
     <span class='ocr_line' id='line_1_5' title="bbox 202 821 1392 936; baseline 0 -26"><span class='ocrx_word' id='word_1_24' title='bbox 202 845 271 912; x_wconf 88' lang='lat' dir='ltr'><strong>init.</strong></span> <span class='ocrx_word' id='word_1_25' title='bbox 296 847 506 936; x_wconf 89' lang='lat' dir='ltr'><strong>supplendum</strong></span> <span class='ocrx_word' id='word_1_26' title='bbox 529 869 613 913; x_wconf 88' lang='lat' dir='ltr'><strong>esse:</strong></span> <span class='ocrx_word' id='word_1_27' title='bbox 642 841 687 910; x_wconf 76' lang='grc' dir='ltr'><strong><em>ὅτι</em></strong></span> <span class='ocrx_word' id='word_1_28' title='bbox 711 845 754 910; x_wconf 78' lang='grc' dir='ltr'><strong><em>τα</em></strong></span> <span class='ocrx_word' id='word_1_29' title='bbox 777 821 877 920; x_wconf 67' lang='lat' dir='ltr'><strong>attilii</strong></span> <span class='ocrx_word' id='word_1_30' title='bbox 902 845 1136 924; x_wconf 69' lang='grc' dir='ltr'><strong>συναγαγόντες</strong></span> <span class='ocrx_word' id='word_1_31' title='bbox 1156 847 1200 920; x_wconf 74' lang='grc' dir='ltr'><strong>εἰς</strong></span> <span class='ocrx_word' id='word_1_32' title='bbox 1219 847 1392 920; x_wconf 74' lang='grc' dir='ltr'><strong><em>ἐκκλησίαν</em></strong></span> 
     </span>
    </p>
   </div>
   <div class='ocr_carea' id='block_1_5' title="bbox 194 963 1457 4558">
    <p class='ocr_par' dir='ltr' id='par_1_5' title="bbox 194 951 1457 3469">
     <span class='ocr_line' id='line_1_6' title="bbox 201 963 1390 1055; baseline -0.001 -24"><span class='ocrx_word' id='word_1_33' title='bbox 201 968 227 1032; x_wconf 79' lang='grc' dir='ltr'><strong>οἱ</strong></span> <span class='ocrx_word' id='word_1_34' title='bbox 250 971 303 1032; x_wconf 80' lang='grc' dir='ltr'><strong><em>τοῦ</em></strong></span> <span class='ocrx_word' id='word_1_35' title='bbox 326 970 522 1046; x_wconf 69' lang='grc' dir='ltr'><strong>Πτολεμαίου</strong></span> <span class='ocrx_word' id='word_1_36' title='bbox 548 964 738 1055; x_wconf 71' lang='grc' dir='ltr'><strong><em>(ἐπίτροπον).</em></strong></span> <span class='ocrx_word' id='word_1_37' title='bbox 782 963 967 1054; x_wconf 87' lang='lat' dir='ltr'><strong>Sequuntur</strong></span> <span class='ocrx_word' id='word_1_38' title='bbox 990 965 1069 1032; x_wconf 88' lang='lat' dir='ltr'><strong>haee</strong></span> <span class='ocrx_word' id='word_1_39' title='bbox 1093 965 1233 1032; x_wconf 88' lang='lat' dir='ltr'><strong>eiusdem</strong></span> <span class='ocrx_word' id='word_1_40' title='bbox 1257 965 1302 1032; x_wconf 85' lang='lat' dir='ltr'><strong>ll.</strong></span> <span class='ocrx_word' id='word_1_41' title='bbox 1328 989 1390 1031; x_wconf 89' lang='lat' dir='ltr'><strong>ne·</strong></span> 
     </span>
     <span class='ocr_line' id='line_1_7' title="bbox 200 1084 1389 1175; baseline 0.002 -24"><span class='ocrx_word' id='word_1_42' title='bbox 200 1085 350 1175; x_wconf 80' lang='lat' dir='ltr'><strong>gligentia</strong></span> <span class='ocrx_word' id='word_1_43' title='bbox 372 1109 487 1151; x_wconf 87' lang='lat' dir='ltr'><strong>manea</strong></span> <span class='ocrx_word' id='word_1_44' title='bbox 509 1086 606 1150; x_wconf 84' lang='lat' dir='ltr'><strong>trium</strong></span> <span class='ocrx_word' id='word_1_45' title='bbox 630 1084 857 1150; x_wconf 74' lang='lat' dir='ltr'><strong>vocabulorum</strong></span> <span class='ocrx_word' id='word_1_46' title='bbox 878 1085 1025 1152; x_wconf 82' lang='lat' dir='ltr'><strong>defectu:</strong></span> <span class='ocrx_word' id='word_1_47' title='bbox 1052 1086 1273 1165; x_wconf 69' lang='lat' dir='ltr'><strong>solodurum</strong></span> <span class='ocrx_word' id='word_1_48' title='bbox 1297 1085 1389 1161; x_wconf 80' lang='grc' dir='ltr'><strong><em>τέλος</em></strong></span> 
     </span>
     <span class='ocr_line' id='line_1_8' title="bbox 199 1203 1457 1298; baseline 0.002 -28"><span class='ocrx_word' id='word_1_49' title='bbox 199 1206 350 1283; x_wconf 71' lang='grc' dir='ltr'><strong><em>ἐπιθήσειν</em></strong></span> <span class='ocrx_word' id='word_1_50' title='bbox 369 1208 412 1288; x_wconf 77' lang='grc' dir='ltr'><strong><em>τῷ</em></strong></span> <span class='ocrx_word' id='word_1_51' title='bbox 429 1205 554 1288; x_wconf 77' lang='grc' dir='ltr'><strong><em>πολέμῳ</em></strong></span> <span class='ocrx_word' id='word_1_52' title='bbox 576 1203 927 1285; x_wconf 74' lang='grc' dir='ltr'><strong><em>κατεταγνινλοέαονον,</em></strong></span> <span class='ocrx_word' id='word_1_53' title='bbox 953 1205 1043 1272; x_wconf 77' lang='grc' dir='ltr'><strong><em>τοῦτό</em></strong></span> <span class='ocrx_word' id='word_1_54' title='bbox 1054 1231 1094 1284; x_wconf 74' lang='lat' dir='ltr'><strong>ys</strong></span> <span class='ocrx_word' id='word_1_55' title='bbox 1114 1209 1147 1272; x_wconf 84' lang='grc' dir='ltr'><strong>οὐ</strong></span> <span class='ocrx_word' id='word_1_56' title='bbox 1166 1206 1386 1288; x_wconf 71' lang='grc' dir='ltr'><strong>διεψεύσαντο,</strong></span> <span class='ocrx_word' id='word_1_57' title='bbox 1456 1239 1457 1298; x_wconf 71' lang='lat'><em>3</em></span> 
     </span>
     <span class='ocr_line' id='line_1_9' title="bbox 198 1325 1457 1410; baseline 0 -18"><span class='ocrx_word' id='word_1_58' title='bbox 198 1329 286 1409; x_wconf 77' lang='grc' dir='ltr'><strong><em>ταχὺ</em></strong></span> <span class='ocrx_word' id='word_1_59' title='bbox 310 1327 363 1392; x_wconf 71' lang='grc' dir='ltr'><strong>καὶ</strong></span> <span class='ocrx_word' id='word_1_60' title='bbox 391 1325 498 1410; x_wconf 77' lang='grc' dir='ltr'><strong><em>σφίσιν</em></strong></span> <span class='ocrx_word' id='word_1_61' title='bbox 521 1327 626 1399; x_wconf 82' lang='grc' dir='ltr'><strong><em>αὐτοῖς</em></strong></span> <span class='ocrx_word' id='word_1_62' title='bbox 649 1326 684 1392; x_wconf 80' lang='grc' dir='ltr'><strong><em>τὸ</em></strong></span> <span class='ocrx_word' id='word_1_63' title='bbox 707 1325 795 1400; x_wconf 76' lang='grc' dir='ltr'><strong><em>τέλος</em></strong></span> <span class='ocrx_word' id='word_1_64' title='bbox 818 1329 871 1392; x_wconf 82' lang='grc' dir='ltr'><strong><em>τοῦ</em></strong></span> <span class='ocrx_word' id='word_1_65' title='bbox 894 1327 964 1406; x_wconf 74' lang='grc' dir='ltr'><strong><em>βίον</em></strong></span> <span class='ocrx_word' id='word_1_66' title='bbox 987 1327 1273 1407; x_wconf 74' lang='grc' dir='ltr'><strong><em>τεροτονῆσαντες.</em></strong></span> <span class='ocrx_word' id='word_1_67' title='bbox 1321 1327 1390 1392; x_wconf 87' lang='lat' dir='ltr'><strong>Lo·</strong></span> <span class='ocrx_word' id='word_1_68' title='bbox 1456 1343 1457 1376; x_wconf 76' lang='lat'>³</span> 
     </span>
     <span class='ocr_line' id='line_1_10' title="bbox 199 1447 1457 1544; baseline 0.002 -32"><span class='ocrx_word' id='word_1_69' title='bbox 199 1469 254 1512; x_wconf 89' lang='lat' dir='ltr'><strong>eus</strong></span> <span class='ocrx_word' id='word_1_70' title='bbox 286 1460 332 1513; x_wconf 90' lang='lat' dir='ltr'><strong>est</strong></span> <span class='ocrx_word' id='word_1_71' title='bbox 362 1471 400 1514; x_wconf 83' lang='lat' dir='ltr'><strong>er</strong></span> <span class='ocrx_word' id='word_1_72' title='bbox 422 1470 532 1514; x_wconf 89' lang='lat' dir='ltr'><strong>eorum</strong></span> <span class='ocrx_word' id='word_1_73' title='bbox 556 1469 707 1525; x_wconf 91' lang='lat' dir='ltr'><strong>numero,</strong></span> <span class='ocrx_word' id='word_1_74' title='bbox 733 1448 789 1536; x_wconf 91' lang='lat' dir='ltr'><strong>qui</strong></span> <span class='ocrx_word' id='word_1_75' title='bbox 809 1447 977 1537; x_wconf 77' lang='lat' dir='ltr'><strong>diligenter</strong></span> <span class='ocrx_word' id='word_1_76' title='bbox 1000 1447 1128 1538; x_wconf 72' lang='lat' dir='ltr'><strong>legendi</strong></span> <span class='ocrx_word' id='word_1_77' title='bbox 1147 1461 1221 1514; x_wconf 90' lang='lat' dir='ltr'><strong>sunt</strong></span> <span class='ocrx_word' id='word_1_78' title='bbox 1234 1498 1243 1529; x_wconf 90' lang='lat'>,</span> <span class='ocrx_word' id='word_1_79' title='bbox 1269 1461 1304 1514; x_wconf 89' lang='lat' dir='ltr'><strong>nt</strong></span> <span class='ocrx_word' id='word_1_80' title='bbox 1328 1449 1388 1515; x_wconf 88' lang='lat' dir='ltr'><strong>ali·</strong></span> <span class='ocrx_word' id='word_1_81' title='bbox 1456 1467 1457 1544; x_wconf 74' lang='lat' dir='ltr'><strong>j</strong></span> 
     </span>
     <span class='ocr_line' id='line_1_11' title="bbox 200 1567 1386 1659; baseline 0.002 -25"><span class='ocrx_word' id='word_1_82' title='bbox 200 1568 277 1658; x_wconf 91' lang='lat' dir='ltr'><strong>quid</strong></span> <span class='ocrx_word' id='word_1_83' title='bbox 311 1569 459 1636; x_wconf 79' lang='lat' dir='ltr'><strong>excidisse</strong></span> <span class='ocrx_word' id='word_1_84' title='bbox 493 1569 583 1636; x_wconf 91' lang='lat' dir='ltr'><strong>nobis</strong></span> <span class='ocrx_word' id='word_1_85' title='bbox 616 1567 770 1634; x_wconf 90' lang='lat' dir='ltr'><strong>suboleat.</strong></span> <span class='ocrx_word' id='word_1_86' title='bbox 818 1567 906 1634; x_wconf 91' lang='lat' dir='ltr'><strong>Nihil</strong></span> <span class='ocrx_word' id='word_1_87' title='bbox 929 1581 1036 1636; x_wconf 87' lang='lat' dir='ltr'><strong>tamen</strong></span> <span class='ocrx_word' id='word_1_88' title='bbox 1059 1571 1174 1635; x_wconf 79' lang='lat' dir='ltr'><strong>certius</strong></span> <span class='ocrx_word' id='word_1_89' title='bbox 1197 1581 1244 1635; x_wconf 89' lang='lat' dir='ltr'><strong>est</strong></span> <span class='ocrx_word' id='word_1_90' title='bbox 1268 1591 1386 1659; x_wconf 89' lang='lat' dir='ltr'><strong>qnam,</strong></span> 
     </span>
     <span class='ocr_line' id='line_1_12' title="bbox 197 1689 1385 1780; baseline 0.004 -26"><span class='ocrx_word' id='word_1_91' title='bbox 197 1701 232 1754; x_wconf 90' lang='lat' dir='ltr'><strong>nt</strong></span> <span class='ocrx_word' id='word_1_92' title='bbox 251 1689 344 1756; x_wconf 90' lang='lat' dir='ltr'><strong>hodie</strong></span> <span class='ocrx_word' id='word_1_93' title='bbox 363 1690 496 1780; x_wconf 77' lang='lat' dir='ltr'><strong>legitur,</strong></span> <span class='ocrx_word' id='word_1_94' title='bbox 516 1690 639 1756; x_wconf 92' lang='lat' dir='ltr'><strong>nnllam</strong></span> <span class='ocrx_word' id='word_1_95' title='bbox 650 1712 724 1756; x_wconf 90' lang='lat' dir='ltr'><strong>eum</strong></span> <span class='ocrx_word' id='word_1_96' title='bbox 739 1689 884 1756; x_wconf 89' lang='lat' dir='ltr'><strong>idoneam</strong></span> <span class='ocrx_word' id='word_1_97' title='bbox 897 1691 1188 1780; x_wconf 86' lang='lat' dir='ltr'><strong>interpretationem</strong></span> <span class='ocrx_word' id='word_1_98' title='bbox 1203 1691 1385 1758; x_wconf 77' lang='lat' dir='ltr'><strong>admittere.</strong></span> 
     </span>
     <span class='ocr_line' id='line_1_13' title="bbox 198 1809 1386 1902; baseline 0.002 -24"><span class='ocrx_word' id='word_1_99' title='bbox 198 1809 300 1878; x_wconf 79' lang='lat' dir='ltr'><strong>Gaura</strong></span> <span class='ocrx_word' id='word_1_100' title='bbox 323 1825 449 1890; x_wconf 88' lang='lat' dir='ltr'><strong>antem,</strong></span> <span class='ocrx_word' id='word_1_101' title='bbox 476 1835 533 1878; x_wconf 89' lang='lat' dir='ltr'><strong>our</strong></span> <span class='ocrx_word' id='word_1_102' title='bbox 555 1835 648 1902; x_wconf 80' lang='lat' dir='ltr'><strong>saepe</strong></span> <span class='ocrx_word' id='word_1_103' title='bbox 671 1811 761 1878; x_wconf 88' lang='lat' dir='ltr'><strong>nobis</strong></span> <span class='ocrx_word' id='word_1_104' title='bbox 786 1811 924 1891; x_wconf 85' lang='lat' dir='ltr'><strong>aecidat,</strong></span> <span class='ocrx_word' id='word_1_105' title='bbox 950 1825 986 1878; x_wconf 89' lang='lat' dir='ltr'><strong>ut</strong></span> <span class='ocrx_word' id='word_1_106' title='bbox 1010 1813 1042 1878; x_wconf 93' lang='lat' dir='ltr'><strong>in</strong></span> <span class='ocrx_word' id='word_1_107' title='bbox 1063 1813 1140 1878; x_wconf 87' lang='lat' dir='ltr'><strong>loeis</strong></span> <span class='ocrx_word' id='word_1_108' title='bbox 1153 1813 1308 1902; x_wconf 85' lang='lat' dir='ltr'><strong>corruptis</strong></span> <span class='ocrx_word' id='word_1_109' title='bbox 1320 1835 1386 1878; x_wconf 90' lang='lat' dir='ltr'><strong>non</strong></span> 
     </span>
     <span class='ocr_line' id='line_1_14' title="bbox 196 1930 1389 2020; baseline 0.001 -22"><span class='ocrx_word' id='word_1_110' title='bbox 196 1931 401 2012; x_wconf 86' lang='lat' dir='ltr'><strong>haereamus,</strong></span> <span class='ocrx_word' id='word_1_111' title='bbox 433 1933 513 2000; x_wconf 90' lang='lat' dir='ltr'><strong>haee</strong></span> <span class='ocrx_word' id='word_1_112' title='bbox 542 1933 622 1998; x_wconf 91' lang='lat' dir='ltr'><strong>mihi</strong></span> <span class='ocrx_word' id='word_1_113' title='bbox 652 1955 718 1998; x_wconf 89' lang='lat' dir='ltr'><strong>esse</strong></span> <span class='ocrx_word' id='word_1_114' title='bbox 748 1931 893 2010; x_wconf 79' lang='lat' dir='ltr'><strong>videtur,</strong></span> <span class='ocrx_word' id='word_1_115' title='bbox 927 1930 1011 2020; x_wconf 88' lang='lat' dir='ltr'><strong>quod</strong></span> <span class='ocrx_word' id='word_1_116' title='bbox 1041 1953 1105 1996; x_wconf 86' lang='lat' dir='ltr'><strong>non</strong></span> <span class='ocrx_word' id='word_1_117' title='bbox 1134 1954 1204 1998; x_wconf 88' lang='lat' dir='ltr'><strong>raro</strong></span> <span class='ocrx_word' id='word_1_118' title='bbox 1232 1933 1389 1999; x_wconf 87' lang='lat' dir='ltr'><strong>eiusmodi</strong></span> 
     </span>
     <span class='ocr_line' id='line_1_15' title="bbox 196 2052 1388 2142; baseline 0.001 -23"><span class='ocrx_word' id='word_1_119' title='bbox 196 2053 282 2120; x_wconf 84' lang='lat' dir='ltr'><strong>locos</strong></span> <span class='ocrx_word' id='word_1_120' title='bbox 309 2054 449 2142; x_wconf 77' lang='lat' dir='ltr'><strong>legentes</strong></span> <span class='ocrx_word' id='word_1_121' title='bbox 475 2053 530 2119; x_wconf 89' lang='lat' dir='ltr'><strong>tali</strong></span> <span class='ocrx_word' id='word_1_122' title='bbox 553 2055 798 2142; x_wconf 86' lang='lat' dir='ltr'><strong>interpretamur</strong></span> <span class='ocrx_word' id='word_1_123' title='bbox 816 2075 868 2118; x_wconf 89' lang='lat' dir='ltr'><strong>eos</strong></span> <span class='ocrx_word' id='word_1_124' title='bbox 886 2073 998 2131; x_wconf 88' lang='lat' dir='ltr'><strong>seusu,</strong></span> <span class='ocrx_word' id='word_1_125' title='bbox 1020 2052 1146 2142; x_wconf 89' lang='lat' dir='ltr'><strong>qualem</strong></span> <span class='ocrx_word' id='word_1_126' title='bbox 1166 2065 1331 2118; x_wconf 84' lang='lat' dir='ltr'><strong>contextus</strong></span> <span class='ocrx_word' id='word_1_127' title='bbox 1354 2067 1388 2121; x_wconf 91' lang='lat' dir='ltr'><strong>et</strong></span> 
     </span>
     <span class='ocr_line' id='line_1_16' title="bbox 194 2171 1457 2264; baseline 0 -25"><span class='ocrx_word' id='word_1_128' title='bbox 194 2197 269 2240; x_wconf 86' lang='lat' dir='ltr'><strong>sana</strong></span> <span class='ocrx_word' id='word_1_129' title='bbox 302 2175 381 2239; x_wconf 88' lang='lat' dir='ltr'><strong>ratio</strong></span> <span class='ocrx_word' id='word_1_130' title='bbox 413 2173 597 2264; x_wconf 84' lang='lat' dir='ltr'><strong>postulant,</strong></span> <span class='ocrx_word' id='word_1_131' title='bbox 627 2194 691 2236; x_wconf 91' lang='lat' dir='ltr'><strong>non</strong></span> <span class='ocrx_word' id='word_1_132' title='bbox 715 2193 838 2262; x_wconf 88' lang='lat' dir='ltr'><strong>semper</strong></span> <span class='ocrx_word' id='word_1_133' title='bbox 861 2171 1143 2238; x_wconf 80' lang='lat' dir='ltr'><strong>animadvertentes</strong></span> <span class='ocrx_word' id='word_1_134' title='bbox 1165 2172 1260 2239; x_wconf 85' lang='lat' dir='ltr'><strong>talem</strong></span> <span class='ocrx_word' id='word_1_135' title='bbox 1288 2173 1389 2241; x_wconf 88' lang='lat' dir='ltr'><strong>inter·</strong></span> <span class='ocrx_word' id='word_1_136' title='bbox 1456 2235 1457 2246; x_wconf 65' lang='lat'><strong>.</strong></span> 
     </span>
     <span class='ocr_line' id='line_1_17' title="bbox 195 2291 1383 2385; baseline 0 -25"><span class='ocrx_word' id='word_1_137' title='bbox 195 2296 405 2385; x_wconf 88' lang='lat' dir='ltr'><strong>pretationem</strong></span> <span class='ocrx_word' id='word_1_138' title='bbox 444 2315 517 2358; x_wconf 89' lang='lat' dir='ltr'><strong>oum</strong></span> <span class='ocrx_word' id='word_1_139' title='bbox 554 2292 627 2382; x_wconf 91' lang='lat' dir='ltr'><strong>ipsis</strong></span> <span class='ocrx_word' id='word_1_140' title='bbox 658 2292 759 2358; x_wconf 73' lang='lat' dir='ltr'><strong>verbis</strong></span> <span class='ocrx_word' id='word_1_141' title='bbox 795 2291 922 2358; x_wconf 80' lang='lat' dir='ltr'><strong>Graecis</strong></span> <span class='ocrx_word' id='word_1_142' title='bbox 952 2315 1017 2357; x_wconf 91' lang='lat' dir='ltr'><strong>non</strong></span> <span class='ocrx_word' id='word_1_143' title='bbox 1049 2294 1178 2358; x_wconf 92' lang='lat' dir='ltr'><strong>omnino</strong></span> <span class='ocrx_word' id='word_1_144' title='bbox 1213 2293 1383 2382; x_wconf 87' lang='lat' dir='ltr'><strong>quadrare.</strong></span> 
     </span>
     <span class='ocr_line' id='line_1_18' title="bbox 197 2412 1457 2502; baseline 0 -22"><span class='ocrx_word' id='word_1_145' title='bbox 197 2417 266 2501; x_wconf 80' lang='lat' dir='ltr'><strong>Quo</strong></span> <span class='ocrx_word' id='word_1_146' title='bbox 290 2414 351 2480; x_wconf 91' lang='lat' dir='ltr'><strong>hoo</strong></span> <span class='ocrx_word' id='word_1_147' title='bbox 375 2412 573 2480; x_wconf 86' lang='lat' dir='ltr'><strong>obstaculum</strong></span> <span class='ocrx_word' id='word_1_148' title='bbox 596 2435 798 2502; x_wconf 88' lang='lat' dir='ltr'><strong>superemus,</strong></span> <span class='ocrx_word' id='word_1_149' title='bbox 829 2412 955 2478; x_wconf 89' lang='lat' dir='ltr'><strong>nullum</strong></span> <span class='ocrx_word' id='word_1_150' title='bbox 978 2414 1051 2478; x_wconf 85' lang='lat' dir='ltr'><strong>nori</strong></span> <span class='ocrx_word' id='word_1_151' title='bbox 1074 2412 1248 2480; x_wconf 89' lang='lat' dir='ltr'><strong>remedium</strong></span> <span class='ocrx_word' id='word_1_152' title='bbox 1273 2413 1386 2482; x_wconf 88' lang='lat' dir='ltr'><strong>effioa-</strong></span> <span class='ocrx_word' id='word_1_153' title='bbox 1456 2427 1457 2480; x_wconf 69' lang='grc' dir='ltr'>ἰ</span> 
     </span>
     <span class='ocr_line' id='line_1_19' title="bbox 200 2533 1388 2626; baseline -0.002 -25"><span class='ocrx_word' id='word_1_154' title='bbox 200 2537 266 2602; x_wconf 90' lang='lat' dir='ltr'><strong>eius</strong></span> <span class='ocrx_word' id='word_1_155' title='bbox 291 2559 385 2626; x_wconf 89' lang='lat' dir='ltr'><strong>qnam</strong></span> <span class='ocrx_word' id='word_1_156' title='bbox 409 2547 445 2602; x_wconf 89' lang='lat' dir='ltr'><strong>ut</strong></span> <span class='ocrx_word' id='word_1_157' title='bbox 468 2547 625 2602; x_wconf 76' lang='lat' dir='ltr'><strong>vertamus</strong></span> <span class='ocrx_word' id='word_1_158' title='bbox 650 2533 769 2600; x_wconf 84' lang='lat' dir='ltr'><strong>Graeca</strong></span> <span class='ocrx_word' id='word_1_159' title='bbox 793 2533 833 2598; x_wconf 88' lang='lat' dir='ltr'><strong>ad</strong></span> <span class='ocrx_word' id='word_1_160' title='bbox 855 2533 986 2600; x_wconf 78' lang='lat' dir='ltr'><strong>verbum</strong></span> <span class='ocrx_word' id='word_1_161' title='bbox 1005 2535 1069 2600; x_wconf 85' lang='lat' dir='ltr'><strong>sire</strong></span> <span class='ocrx_word' id='word_1_162' title='bbox 1093 2533 1206 2599; x_wconf 88' lang='lat' dir='ltr'><strong>Latina</strong></span> <span class='ocrx_word' id='word_1_163' title='bbox 1230 2535 1293 2602; x_wconf 84' lang='lat' dir='ltr'><strong>sire</strong></span> <span class='ocrx_word' id='word_1_164' title='bbox 1314 2558 1388 2600; x_wconf 79' lang='lat' dir='ltr'><strong>ver·</strong></span> 
     </span>
     <span class='ocr_line' id='line_1_20' title="bbox 195 2654 1388 2746; baseline -0.001 -23"><span class='ocrx_word' id='word_1_165' title='bbox 195 2657 309 2724; x_wconf 83' lang='lat' dir='ltr'><strong>naoula</strong></span> <span class='ocrx_word' id='word_1_166' title='bbox 332 2657 440 2746; x_wconf 80' lang='lat' dir='ltr'><strong>lingua</strong></span> <span class='ocrx_word' id='word_1_167' title='bbox 464 2656 566 2722; x_wconf 89' lang='lat' dir='ltr'><strong>malis.</strong></span> <span class='ocrx_word' id='word_1_168' title='bbox 614 2655 679 2720; x_wconf 84' lang='lat' dir='ltr'><strong>Fae</strong></span> <span class='ocrx_word' id='word_1_169' title='bbox 702 2657 951 2745; x_wconf 81' lang='lat' dir='ltr'><strong>experimentum</strong></span> <span class='ocrx_word' id='word_1_170' title='bbox 974 2656 1008 2720; x_wconf 90' lang='lat' dir='ltr'><strong>in</strong></span> <span class='ocrx_word' id='word_1_171' title='bbox 1030 2654 1101 2721; x_wconf 91' lang='lat' dir='ltr'><strong>loeo</strong></span> <span class='ocrx_word' id='word_1_172' title='bbox 1123 2667 1231 2721; x_wconf 90' lang='lat' dir='ltr'><strong>nostro</strong></span> <span class='ocrx_word' id='word_1_173' title='bbox 1254 2668 1286 2722; x_wconf 92' lang='lat' dir='ltr'><strong>et</strong></span> <span class='ocrx_word' id='word_1_174' title='bbox 1309 2679 1388 2722; x_wconf 86' lang='lat' dir='ltr'><strong>sen·</strong></span> 
     </span>
     <span class='ocr_line' id='line_1_21' title="bbox 195 2774 1388 2866; baseline 0.001 -23"><span class='ocrx_word' id='word_1_175' title='bbox 195 2781 254 2843; x_wconf 91' lang='lat' dir='ltr'><strong>ties</strong></span> <span class='ocrx_word' id='word_1_176' title='bbox 273 2789 357 2844; x_wconf 87' lang='lat' dir='ltr'><strong>reete</strong></span> <span class='ocrx_word' id='word_1_177' title='bbox 381 2800 455 2842; x_wconf 90' lang='lat' dir='ltr'><strong>enm</strong></span> <span class='ocrx_word' id='word_1_178' title='bbox 474 2778 507 2843; x_wconf 92' lang='lat' dir='ltr'><strong>in</strong></span> <span class='ocrx_word' id='word_1_179' title='bbox 526 2777 613 2842; x_wconf 90' lang='lat' dir='ltr'><strong>huno</strong></span> <span class='ocrx_word' id='word_1_180' title='bbox 632 2774 762 2840; x_wconf 89' lang='lat' dir='ltr'><strong>modum</strong></span> <span class='ocrx_word' id='word_1_181' title='bbox 781 2775 898 2866; x_wconf 84' lang='lat' dir='ltr'><strong>expleri</strong></span> <span class='ocrx_word' id='word_1_182' title='bbox 910 2776 942 2841; x_wconf 91' lang='lat' dir='ltr'><strong>in</strong></span> <span class='ocrx_word' id='word_1_183' title='bbox 955 2775 1172 2865; x_wconf 82' lang='lat' dir='ltr'><strong>palimpsesto:</strong></span> <span class='ocrx_word' id='word_1_184' title='bbox 1199 2775 1291 2843; x_wconf 77' lang='grc' dir='ltr'><strong><em>τοῦτό</em></strong></span> <span class='ocrx_word' id='word_1_185' title='bbox 1314 2781 1388 2856; x_wconf 78' lang='grc' dir='ltr'><strong>γὀὐ</strong></span> 
     </span>
     <span class='ocr_line' id='line_1_22' title="bbox 196 2865 1386 2985; baseline 0.002 -23"><span class='ocrx_word' id='word_1_186' title='bbox 196 2896 396 2980; x_wconf 73' lang='grc' dir='ltr'><strong><em>διεψεύσαντο</em></strong></span> <span class='ocrx_word' id='word_1_187' title='bbox 422 2896 576 2985; x_wconf 75' lang='grc' dir='ltr'><strong><em>(καὶτῷ</em></strong></span> <span class='ocrx_word' id='word_1_188' title='bbox 608 2895 780 2978; x_wconf 71' lang='grc' dir='ltr'><strong>πολέμῳ)</strong></span> <span class='ocrx_word' id='word_1_189' title='bbox 803 2897 854 2961; x_wconf 83' lang='grc' dir='ltr'><strong>καὶ</strong></span> <span class='ocrx_word' id='word_1_190' title='bbox 875 2896 981 2978; x_wconf 74' lang='grc' dir='ltr'><strong><em>σφίσιν</em></strong></span> <span class='ocrx_word' id='word_1_191' title='bbox 1001 2891 1106 2970; x_wconf 80' lang='grc' dir='ltr'><strong><em>αὐτοῖς</em></strong></span> <span class='ocrx_word' id='word_1_192' title='bbox 1133 2897 1169 2962; x_wconf 80' lang='grc' dir='ltr'><strong><em>τὸ</em></strong></span> <span class='ocrx_word' id='word_1_193' title='bbox 1191 2865 1279 2970; x_wconf 67' lang='grc' dir='ltr'><strong>τέλοςΙ</strong></span> <span class='ocrx_word' id='word_1_194' title='bbox 1311 2905 1386 2965; x_wconf 80' lang='grc' dir='ltr'><strong><em>τοῦ</em></strong></span> 
     </span>
     <span class='ocr_line' id='line_1_23' title="bbox 194 3015 1457 3106; baseline -0.001 -20"><span class='ocrx_word' id='word_1_195' title='bbox 194 3018 286 3098; x_wconf 73' lang='grc' dir='ltr'><strong><em>βίον</em></strong></span> <span class='ocrx_word' id='word_1_196' title='bbox 310 3017 578 3099; x_wconf 64' lang='lat' dir='ltr'><strong>separatienem</strong></span> <span class='ocrx_word' id='word_1_197' title='bbox 599 3017 656 3106; x_wconf 90' lang='lat' dir='ltr'><strong>(sio</strong></span> <span class='ocrx_word' id='word_1_198' title='bbox 675 3015 714 3083; x_wconf 88' lang='lat' dir='ltr'><strong>ds</strong></span> <span class='ocrx_word' id='word_1_199' title='bbox 733 3039 804 3084; x_wconf 91' lang='lat' dir='ltr'><strong>meo</strong></span> <span class='ocrx_word' id='word_1_200' title='bbox 824 3016 926 3082; x_wconf 80' lang='lat' dir='ltr'><strong>scribo</strong></span> <span class='ocrx_word' id='word_1_201' title='bbox 938 3039 996 3106; x_wconf 88' lang='lat' dir='ltr'><strong>pro</strong></span> <span class='ocrx_word' id='word_1_202' title='bbox 1007 3016 1291 3106; x_wconf 74' lang='grc' dir='ltr'><strong><em>τεοντονήσαντες);</em></strong></span> <span class='ocrx_word' id='word_1_203' title='bbox 1317 3041 1387 3085; x_wconf 89' lang='lat' dir='ltr'><strong>non</strong></span> <span class='ocrx_word' id='word_1_204' title='bbox 1456 3093 1457 3096; x_wconf 8' lang='grc' dir='ltr'><strong>Ἴ</strong></span> 
     </span>
     <span class='ocr_line' id='line_1_24' title="bbox 194 3123 1457 3227; baseline -0.003 -23"><span class='ocrx_word' id='word_1_205' title='bbox 194 3151 301 3204; x_wconf 86' lang='lat' dir='ltr'><strong>tamen</strong></span> <span class='ocrx_word' id='word_1_206' title='bbox 320 3136 456 3203; x_wconf 88' lang='lat' dir='ltr'><strong>diffiteor</strong></span> <span class='ocrx_word' id='word_1_207' title='bbox 474 3135 626 3202; x_wconf 81' lang='lat' dir='ltr'><strong>voeabula</strong></span> <span class='ocrx_word' id='word_1_208' title='bbox 637 3139 691 3202; x_wconf 86' lang='grc' dir='ltr'><strong><em>τοῦ</em></strong></span> <span class='ocrx_word' id='word_1_209' title='bbox 703 3137 774 3218; x_wconf 74' lang='grc' dir='ltr'><strong><em>βίον</em></strong></span> <span class='ocrx_word' id='word_1_210' title='bbox 787 3159 868 3227; x_wconf 88' lang='lat' dir='ltr'><strong>quae</strong></span> <span class='ocrx_word' id='word_1_211' title='bbox 878 3185 887 3216; x_wconf 90' lang='lat'><strong>,</strong></span> <span class='ocrx_word' id='word_1_212' title='bbox 912 3149 948 3202; x_wconf 92' lang='lat' dir='ltr'><strong>ut</strong></span> <span class='ocrx_word' id='word_1_213' title='bbox 959 3137 1052 3204; x_wconf 88' lang='lat' dir='ltr'><strong>laoile</strong></span> <span class='ocrx_word' id='word_1_214' title='bbox 1068 3149 1219 3227; x_wconf 88' lang='lat' dir='ltr'><strong>apparet,</strong></span> <span class='ocrx_word' id='word_1_215' title='bbox 1241 3159 1306 3204; x_wconf 90' lang='lat' dir='ltr'><strong>non</strong></span> <span class='ocrx_word' id='word_1_216' title='bbox 1319 3139 1385 3206; x_wconf 87' lang='lat' dir='ltr'><strong>nisi</strong></span> <span class='ocrx_word' id='word_1_217' title='bbox 1456 3123 1457 3200; x_wconf 61' lang='lat' dir='ltr'>J</span> 
     </span>
     <span class='ocr_line' id='line_1_25' title="bbox 195 3257 1457 3348; baseline 0.002 -24"><span class='ocrx_word' id='word_1_218' title='bbox 195 3259 235 3325; x_wconf 94' lang='lat' dir='ltr'><strong>ad</strong></span> <span class='ocrx_word' id='word_1_219' title='bbox 255 3257 320 3325; x_wconf 87' lang='lat' dir='ltr'><strong>sola</strong></span> <span class='ocrx_word' id='word_1_220' title='bbox 338 3257 491 3324; x_wconf 82' lang='lat' dir='ltr'><strong>vocabula</strong></span> <span class='ocrx_word' id='word_1_221' title='bbox 514 3257 620 3340; x_wconf 71' lang='grc' dir='ltr'><strong><em>σφίσιν</em></strong></span> <span class='ocrx_word' id='word_1_222' title='bbox 632 3259 735 3330; x_wconf 78' lang='grc' dir='ltr'><strong><em>αὐτοῖς</em></strong></span> <span class='ocrx_word' id='word_1_223' title='bbox 748 3259 857 3325; x_wconf 87' lang='lat' dir='ltr'><strong>referri</strong></span> <span class='ocrx_word' id='word_1_224' title='bbox 868 3260 987 3348; x_wconf 88' lang='lat' dir='ltr'><strong>possint</strong></span> <span class='ocrx_word' id='word_1_225' title='bbox 998 3307 1007 3338; x_wconf 90' lang='lat'>,</span> <span class='ocrx_word' id='word_1_226' title='bbox 1029 3259 1054 3324; x_wconf 89' lang='lat' dir='ltr'><strong>si</strong></span> <span class='ocrx_word' id='word_1_227' title='bbox 1067 3257 1229 3336; x_wconf 89' lang='lat' dir='ltr'><strong>abessent,</strong></span> <span class='ocrx_word' id='word_1_228' title='bbox 1252 3271 1385 3326; x_wconf 89' lang='lat' dir='ltr'><strong>senten-</strong></span> <span class='ocrx_word' id='word_1_229' title='bbox 1456 3289 1457 3292; x_wconf 41' lang='lat'>¹</span> 
     </span>
     <span class='ocr_line' id='line_1_26' title="bbox 195 3377 1386 3469; baseline 0.002 -23"><span class='ocrx_word' id='word_1_230' title='bbox 195 3381 272 3446; x_wconf 87' lang='lat' dir='ltr'><strong>tiam</strong></span> <span class='ocrx_word' id='word_1_231' title='bbox 299 3379 402 3445; x_wconf 91' lang='lat' dir='ltr'><strong>multo</strong></span> <span class='ocrx_word' id='word_1_232' title='bbox 430 3377 542 3445; x_wconf 88' lang='lat' dir='ltr'><strong>melius</strong></span> <span class='ocrx_word' id='word_1_233' title='bbox 572 3378 764 3468; x_wconf 81' lang='lat' dir='ltr'><strong>procedere,</strong></span> <span class='ocrx_word' id='word_1_234' title='bbox 797 3403 894 3468; x_wconf 91' lang='lat' dir='ltr'><strong>qnare</strong></span> <span class='ocrx_word' id='word_1_235' title='bbox 922 3379 1150 3469; x_wconf 89' lang='lat' dir='ltr'><strong>interpretandi</strong></span> <span class='ocrx_word' id='word_1_236' title='bbox 1180 3402 1273 3446; x_wconf 90' lang='lat' dir='ltr'><strong>eausa</strong></span> <span class='ocrx_word' id='word_1_237' title='bbox 1297 3381 1386 3448; x_wconf 89' lang='lat' dir='ltr'><strong>mala</strong></span> 
     </span>
    </p>

    <p class='ocr_par' dir='ltr' id='par_1_6' title="bbox 194 3497 1387 3590">
     <span class='ocr_line' id='line_1_27' title="bbox 194 3497 1387 3590; baseline 0.001 -22"><span class='ocrx_word' id='word_1_238' title='bbox 194 3522 292 3568; x_wconf 88' lang='lat' dir='ltr'><strong>manu</strong></span> <span class='ocrx_word' id='word_1_239' title='bbox 332 3498 408 3564; x_wconf 91' lang='lat' dir='ltr'><strong>olim</strong></span> <span class='ocrx_word' id='word_1_240' title='bbox 452 3497 607 3589; x_wconf 85' lang='lat' dir='ltr'><strong>adscripta</strong></span> <span class='ocrx_word' id='word_1_241' title='bbox 649 3523 714 3566; x_wconf 89' lang='lat' dir='ltr'><strong>esse</strong></span> <span class='ocrx_word' id='word_1_242' title='bbox 756 3501 906 3590; x_wconf 85' lang='lat' dir='ltr'><strong>suspicor.</strong></span> <span class='ocrx_word' id='word_1_243' title='bbox 964 3500 1084 3586; x_wconf 78' lang='lat' dir='ltr'><strong>Quibus</strong></span> <span class='ocrx_word' id='word_1_244' title='bbox 1126 3501 1232 3567; x_wconf 90' lang='lat' dir='ltr'><strong>eieotis</strong></span> <span class='ocrx_word' id='word_1_245' title='bbox 1275 3523 1387 3569; x_wconf 89' lang='lat' dir='ltr'><strong>sensus</strong></span> 
     </span>
    </p>

    <p class='ocr_par' dir='ltr' id='par_1_7' title="bbox 195 3619 1457 3832">
     <span class='ocr_line' id='line_1_28' title="bbox 195 3619 1386 3712; baseline 0.004 -28"><span class='ocrx_word' id='word_1_246' title='bbox 195 3619 232 3684; x_wconf 86' lang='lat' dir='ltr'><strong>fit</strong></span> <span class='ocrx_word' id='word_1_247' title='bbox 249 3620 464 3709; x_wconf 89' lang='lat' dir='ltr'><strong>planissimus:</strong></span> <span class='ocrx_word' id='word_1_248' title='bbox 487 3620 554 3684; x_wconf 76' lang='lat' dir='ltr'><strong>tac</strong></span> <span class='ocrx_word' id='word_1_249' title='bbox 572 3627 665 3684; x_wconf 82' lang='lat' dir='ltr'><strong>certe</strong></span> <span class='ocrx_word' id='word_1_250' title='bbox 685 3623 723 3684; x_wconf 81' lang='lat' dir='ltr'><strong>in</strong></span> <span class='ocrx_word' id='word_1_251' title='bbox 743 3642 782 3685; x_wconf 89' lang='lat' dir='ltr'><strong>re</strong></span> <span class='ocrx_word' id='word_1_252' title='bbox 805 3644 872 3685; x_wconf 81' lang='lat' dir='ltr'><strong>non</strong></span> <span class='ocrx_word' id='word_1_253' title='bbox 898 3621 1111 3686; x_wconf 78' lang='lat' dir='ltr'><strong>aberrarunt</strong></span> <span class='ocrx_word' id='word_1_254' title='bbox 1131 3645 1155 3686; x_wconf 87' lang='grc' dir='ltr'><strong><em>α</em></strong></span> <span class='ocrx_word' id='word_1_255' title='bbox 1178 3642 1279 3700; x_wconf 86' lang='lat' dir='ltr'><strong>vero,</strong></span> <span class='ocrx_word' id='word_1_256' title='bbox 1294 3634 1386 3712; x_wconf 82' lang='lat' dir='ltr'><strong>post</strong></span> 
     </span>
     <span class='ocr_line' id='line_1_29' title="bbox 195 3739 1391 3832; baseline 0.008 -30"><span class='ocrx_word' id='word_1_257' title='bbox 195 3739 294 3804; x_wconf 83' lang='lat' dir='ltr'><strong>breve</strong></span> <span class='ocrx_word' id='word_1_258' title='bbox 317 3747 450 3830; x_wconf 82' lang='lat' dir='ltr'><strong>tempus</strong></span> <span class='ocrx_word' id='word_1_259' title='bbox 473 3747 507 3804; x_wconf 84' lang='lat' dir='ltr'><strong>et</strong></span> <span class='ocrx_word' id='word_1_260' title='bbox 530 3739 616 3805; x_wconf 84' lang='lat' dir='ltr'><strong>bello</strong></span> <span class='ocrx_word' id='word_1_261' title='bbox 647 3748 682 3806; x_wconf 83' lang='lat' dir='ltr'><strong>et</strong></span> <span class='ocrx_word' id='word_1_262' title='bbox 705 3740 775 3806; x_wconf 74' lang='lat' dir='ltr'><strong>siti</strong></span> <span class='ocrx_word' id='word_1_263' title='bbox 793 3744 887 3831; x_wconf 79' lang='lat' dir='ltr'><strong>ipsis</strong></span> <span class='ocrx_word' id='word_1_264' title='bbox 902 3742 1008 3824; x_wconf 81' lang='lat' dir='ltr'><strong>finem</strong></span> <span class='ocrx_word' id='word_1_265' title='bbox 1030 3745 1243 3832; x_wconf 77' lang='lat' dir='ltr'><strong>imposituri.</strong></span> <span class='ocrx_word' id='word_1_266' title='bbox 1269 3743 1391 3812; x_wconf 82' lang='lat' dir='ltr'><strong>Finem</strong></span> 
     </span>
    </p>

    <p class='ocr_par' dir='ltr' id='par_1_8' title="bbox 195 3857 1457 4074">
     <span class='ocr_line' id='line_1_30' title="bbox 196 3857 1457 3954; baseline 0.007 -30"><span class='ocrx_word' id='word_1_267' title='bbox 196 3881 291 3948; x_wconf 90' lang='lat' dir='ltr'><strong>quem</strong></span> <span class='ocrx_word' id='word_1_268' title='bbox 309 3859 369 3925; x_wconf 89' lang='lat' dir='ltr'><strong>sibi</strong></span> <span class='ocrx_word' id='word_1_269' title='bbox 387 3860 564 3949; x_wconf 88' lang='lat' dir='ltr'><strong>imposituri</strong></span> <span class='ocrx_word' id='word_1_270' title='bbox 581 3873 688 3940; x_wconf 88' lang='lat' dir='ltr'><strong>erant,</strong></span> <span class='ocrx_word' id='word_1_271' title='bbox 710 3866 807 3928; x_wconf 81' lang='lat' dir='ltr'><strong>vitae</strong></span> <span class='ocrx_word' id='word_1_272' title='bbox 829 3864 928 3929; x_wconf 87' lang='lat' dir='ltr'><strong>finem</strong></span> <span class='ocrx_word' id='word_1_273' title='bbox 947 3883 1013 3928; x_wconf 90' lang='lat' dir='ltr'><strong>esse</strong></span> <span class='ocrx_word' id='word_1_274' title='bbox 1037 3863 1120 3928; x_wconf 88' lang='lat' dir='ltr'><strong>ultro</strong></span> <span class='ocrx_word' id='word_1_275' title='bbox 1132 3863 1254 3952; x_wconf 89' lang='lat' dir='ltr'><strong>liquet,</strong></span> <span class='ocrx_word' id='word_1_276' title='bbox 1276 3887 1388 3954; x_wconf 87' lang='lat' dir='ltr'><strong>neque</strong></span> <span class='ocrx_word' id='word_1_277' title='bbox 1456 3857 1457 3890; x_wconf 77' lang='lat'>³</span> 
     </span>
     <span class='ocr_line' id='line_1_31' title="bbox 195 3979 1391 4074; baseline 0.003 -26"><span class='ocrx_word' id='word_1_278' title='bbox 195 3982 292 4071; x_wconf 79' lang='lat' dir='ltr'><strong>igitur</strong></span> <span class='ocrx_word' id='word_1_279' title='bbox 324 3979 476 4046; x_wconf 81' lang='lat' dir='ltr'><strong>rooabnla</strong></span> <span class='ocrx_word' id='word_1_280' title='bbox 498 3985 552 4047; x_wconf 84' lang='grc' dir='ltr'><strong><em>τοῦ</em></strong></span> <span class='ocrx_word' id='word_1_281' title='bbox 574 3981 645 4061; x_wconf 74' lang='grc' dir='ltr'><strong><em>βίον</em></strong></span> <span class='ocrx_word' id='word_1_282' title='bbox 668 3981 742 4048; x_wconf 90' lang='lat' dir='ltr'><strong>addi</strong></span> <span class='ocrx_word' id='word_1_283' title='bbox 764 3995 936 4072; x_wconf 88' lang='lat' dir='ltr'><strong>potuerunt</strong></span> <span class='ocrx_word' id='word_1_284' title='bbox 959 4007 976 4048; x_wconf 91' lang='lat' dir='ltr'><strong>a</strong></span> <span class='ocrx_word' id='word_1_285' title='bbox 1000 3983 1137 4048; x_wconf 85' lang='lat' dir='ltr'><strong>Diodoro</strong></span> <span class='ocrx_word' id='word_1_286' title='bbox 1160 3983 1256 4074; x_wconf 88' lang='lat' dir='ltr'><strong>idque</strong></span> <span class='ocrx_word' id='word_1_287' title='bbox 1279 3985 1391 4052; x_wconf 89' lang='lat' dir='ltr'><strong>multo</strong></span> 
     </span>
    </p>

    <p class='ocr_par' dir='ltr' id='par_1_9' title="bbox 194 4100 1388 4194">
     <span class='ocr_line' id='line_1_32' title="bbox 194 4100 1388 4194; baseline 0.003 -24"><span class='ocrx_word' id='word_1_288' title='bbox 194 4102 316 4180; x_wconf 88' lang='lat' dir='ltr'><strong>minus,</strong></span> <span class='ocrx_word' id='word_1_289' title='bbox 346 4100 430 4189; x_wconf 92' lang='lat' dir='ltr'><strong>quod</strong></span> <span class='ocrx_word' id='word_1_290' title='bbox 453 4123 489 4166; x_wconf 84' lang='lat' dir='ltr'><strong>er</strong></span> <span class='ocrx_word' id='word_1_291' title='bbox 513 4102 674 4168; x_wconf 86' lang='lat' dir='ltr'><strong>notissima</strong></span> <span class='ocrx_word' id='word_1_292' title='bbox 698 4103 929 4194; x_wconf 87' lang='lat' dir='ltr'><strong>interpretandi</strong></span> <span class='ocrx_word' id='word_1_293' title='bbox 951 4127 1061 4172; x_wconf 85' lang='lat' dir='ltr'><strong>norma</strong></span> <span class='ocrx_word' id='word_1_294' title='bbox 1087 4105 1167 4172; x_wconf 88' lang='lat' dir='ltr'><strong>haee</strong></span> <span class='ocrx_word' id='word_1_295' title='bbox 1190 4105 1235 4170; x_wconf 91' lang='lat' dir='ltr'><strong>sio</strong></span> <span class='ocrx_word' id='word_1_296' title='bbox 1260 4105 1388 4173; x_wconf 89' lang='lat' dir='ltr'><strong>Graeoe</strong></span> 
     </span>
    </p>

    <p class='ocr_par' dir='ltr' id='par_1_10' title="bbox 195 4201 1457 4434">
     <span class='ocr_line' id='line_1_33' title="bbox 195 4201 1457 4310; baseline 0.004 -19"><span class='ocrx_word' id='word_1_297' title='bbox 195 4224 299 4290; x_wconf 88' lang='lat' dir='ltr'><strong>forent</strong></span> <span class='ocrx_word' id='word_1_298' title='bbox 328 4219 532 4310; x_wconf 78' lang='lat' dir='ltr'><strong>explicanda:</strong></span> <span class='ocrx_word' id='word_1_299' title='bbox 566 4224 809 4304; x_wconf 72' lang='grc' dir='ltr'><strong><em>τεροτοννὶσοντες</em></strong></span> <span class='ocrx_word' id='word_1_300' title='bbox 832 4225 920 4299; x_wconf 76' lang='grc' dir='ltr'><strong><em>τέλος</em></strong></span> <span class='ocrx_word' id='word_1_301' title='bbox 943 4229 996 4291; x_wconf 78' lang='grc' dir='ltr'><strong><em>τοῦ</em></strong></span> <span class='ocrx_word' id='word_1_302' title='bbox 1019 4226 1089 4305; x_wconf 78' lang='grc' dir='ltr'><strong><em>βίον</em></strong></span> <span class='ocrx_word' id='word_1_303' title='bbox 1113 4201 1168 4291; x_wconf 57' lang='grc' dir='ltr'><strong>καὶ</strong></span> <span class='ocrx_word' id='word_1_304' title='bbox 1189 4226 1232 4307; x_wconf 78' lang='grc' dir='ltr'><strong><em>τῷ</em></strong></span> <span class='ocrx_word' id='word_1_305' title='bbox 1255 4225 1388 4309; x_wconf 73' lang='grc' dir='ltr'><strong><em>πολέμῳ</em></strong></span> <span class='ocrx_word' id='word_1_306' title='bbox 1456 4291 1457 4296; x_wconf 73' lang='grc'>,</span> 
     </span>
     <span class='ocr_line' id='line_1_34' title="bbox 195 4343 1387 4434; baseline 0.005 -25"><span class='ocrx_word' id='word_1_307' title='bbox 195 4345 247 4409; x_wconf 73' lang='grc' dir='ltr'><strong>καὶ</strong></span> <span class='ocrx_word' id='word_1_308' title='bbox 272 4343 378 4426; x_wconf 77' lang='grc' dir='ltr'><strong><em>σφίσιν</em></strong></span> <span class='ocrx_word' id='word_1_309' title='bbox 402 4343 522 4420; x_wconf 84' lang='grc' dir='ltr'><strong><em>αὐτοῖς,</em></strong></span> <span class='ocrx_word' id='word_1_310' title='bbox 542 4367 624 4433; x_wconf 91' lang='lat' dir='ltr'><strong>quae</strong></span> <span class='ocrx_word' id='word_1_311' title='bbox 645 4367 741 4434; x_wconf 88' lang='lat' dir='ltr'><strong>quam</strong></span> <span class='ocrx_word' id='word_1_312' title='bbox 760 4346 893 4412; x_wconf 81' lang='lat' dir='ltr'><strong>absurda</strong></span> <span class='ocrx_word' id='word_1_313' title='bbox 917 4348 998 4427; x_wconf 88' lang='lat' dir='ltr'><strong>sint,</strong></span> <span class='ocrx_word' id='word_1_314' title='bbox 1022 4369 1150 4414; x_wconf 89' lang='lat' dir='ltr'><strong>monere</strong></span> <span class='ocrx_word' id='word_1_315' title='bbox 1164 4346 1244 4414; x_wconf 92' lang='lat' dir='ltr'><strong>nibil</strong></span> <span class='ocrx_word' id='word_1_316' title='bbox 1257 4347 1387 4415; x_wconf 89' lang='lat' dir='ltr'><strong>attinet.</strong></span> 
     </span>
    </p>

    <p class='ocr_par' dir='ltr' id='par_1_11' title="bbox 197 4457 1457 4558">
     <span class='ocr_line' id='line_1_35' title="bbox 197 4457 1457 4558; baseline 0.006 -32"><span class='ocrx_word' id='word_1_317' title='bbox 197 4461 273 4528; x_wconf 88' lang='lat' dir='ltr'><strong>Dele</strong></span> <span class='ocrx_word' id='word_1_318' title='bbox 295 4463 392 4552; x_wconf 73' lang='lat' dir='ltr'><strong>igitur</strong></span> <span class='ocrx_word' id='word_1_319' title='bbox 408 4464 565 4540; x_wconf 85' lang='lat' dir='ltr'><strong>emblema</strong></span> <span class='ocrx_word' id='word_1_320' title='bbox 588 4471 641 4532; x_wconf 82' lang='grc' dir='ltr'><strong><em>τοῦ</em></strong></span> <span class='ocrx_word' id='word_1_321' title='bbox 660 4466 730 4546; x_wconf 77' lang='grc' dir='ltr'><strong><em>βίον</em></strong></span> <span class='ocrx_word' id='word_1_322' title='bbox 754 4479 786 4533; x_wconf 90' lang='lat' dir='ltr'><strong>et</strong></span> <span class='ocrx_word' id='word_1_323' title='bbox 809 4467 855 4532; x_wconf 90' lang='lat' dir='ltr'><strong>nil</strong></span> <span class='ocrx_word' id='word_1_324' title='bbox 878 4468 1013 4558; x_wconf 88' lang='lat' dir='ltr'><strong>amplius</strong></span> <span class='ocrx_word' id='word_1_325' title='bbox 1024 4469 1105 4548; x_wconf 88' lang='lat' dir='ltr'><strong>erit,</strong></span> <span class='ocrx_word' id='word_1_326' title='bbox 1127 4467 1211 4557; x_wconf 89' lang='lat' dir='ltr'><strong>quod</strong></span> <span class='ocrx_word' id='word_1_327' title='bbox 1231 4457 1390 4536; x_wconf 82' lang='lat' dir='ltr'><strong>lectorem</strong></span> <span class='ocrx_word' id='word_1_328' title='bbox 1456 4513 1457 4534; x_wconf 66' lang='lat'><em>2</em></span> 
     </span>
    </p>
   </div>
   <div class='ocr_carea' id='block_1_6' title="bbox 0 0 1470 5004">
    <p class='ocr_par' dir='ltr' id='par_1_12' title="bbox 0 0 1470 5004">
     <span class='ocr_line' id='line_1_36' title="bbox 0 0 1470 5004; baseline 0 2"><span class='ocrx_word' id='word_1_329' title='bbox 0 0 1470 5004; x_wconf 95' lang='lat' dir='ltr'><strong> </strong></span> 
     </span>
    </p>
   </div>
  </div>
 </body>
</html>
