2946 5014
642 365 703 428 199

90 553 134 620 καί
163 551 328 635 ἐπιτρέψαι
358 553 422 618 κτὲ.
470 552 543 618 Post
574 573 676 642 pauco
709 572 782 616 oum
807 549 950 616 Bekkero
974 549 1195 616 scribendum:
1223 551 1265 615 τὰ

92 674 117 738 δὲ
145 679 252 755 πρῶτα
281 672 335 738 καί
359 670 590 754 παλαιότερα
612 695 670 762 pro
693 670 904 754 τελεώτερα.
954 668 1140 760 Sequuntur
1163 670 1261 737 haee:

91 793 247 870 ἔνδηλος
276 794 316 858 ῶν
347 792 399 859 καί
424 792 535 874 σχεδόν
561 816 592 858 τι
615 791 857 874 μαρτυρόμενος,
883 787 928 857 ὅτι
951 799 1009 858 τῶν
1027 790 1266 871 ρίπιστουμένυν

91 911 212 979 ἕκαστον
241 911 339 996 ἕτερος
368 914 533 995 προλαβὼν
558 911 684 996 είρηκεν·
708 912 761 978 καί
784 909 971 995 περιφέρει
992 935 1032 990 γε
1055 913 1111 988 την
1134 909 1267 992 ἱστορίαν

91 1035 120 1098 ἔκ
146 1040 269 1099 πολλῶν
296 1033 348 1099 καί
373 1034 575 1100 παντοδαπῶν
598 1040 657 1100 τῶν
679 1037 784 1099 ταῦτα
808 1031 965 1115 εἰρηκότων
989 1029 1088 1114 ῶσπερ
1110 1031 1207 1116 ρ’ῶπίν
1228 1053 1266 1095 τι

93 1154 153 1219 καί
186 1154 322 1220 ποικίλον
353 1155 405 1220 καὶ
436 1155 587 1236 χρησιμσν
610 1157 653 1227 είς
675 1150 706 1219 ἓν
729 1156 950 1237 μυροπώλιον
974 1156 1029 1230 τὴν
1050 1154 1128 1220 ἰδίαν
1153 1150 1268 1230 ἐξήγη-

92 1297 131 1338 σιν
171 1273 491 1354 κατακεκλεισμένον
531 1275 584 1341 καὶ
619 1275 839 1354 συνηγμένην.
899 1274 995 1340 Plura
1028 1273 1082 1340 hio
1116 1270 1266 1338 sanando.

92 1391 227 1458 Primum
244 1395 330 1460 enim
349 1395 469 1470 ἔνδηλος
490 1397 528 1462 ῶν
547 1396 725 1486 significare
742 1397 854 1485 nequit
872 1383 1134 1473 demonstrans,
1156 1415 1268 1482 quem·

92 1512 255 1578 admodum
289 1517 513 1606 interpretatur
548 1517 671 1596 Maius,
706 1539 803 1606 quare
837 1515 907 1582 ride
943 1537 982 1580 en
1017 1514 1120 1582 deleta
1156 1511 1269 1605 copula

91 1633 179 1699 scribi
201 1647 363 1725 oporteat:
390 1634 511 1711 ἔνδηλος
535 1637 573 1702 ῶν
596 1635 707 1718 σχεδίν
731 1659 760 1701 τι
785 1634 1028 1719 μαρτυρόμενος,
1051 1631 1115 1709 ῶτι;
1136 1647 1171 1699 ut
1192 1657 1270 1715 μαρ·

91 1755 245 1835 συρόμενος
283 1753 420 1845 pendeet
451 1755 491 1820 nb
505 1755 641 1831 ’ἔνδηλος
672 1755 719 1820 ῶν.
766 1755 888 1822 Deinde
917 1755 1019 1822 scribo
1042 1777 1116 1820 cum
1139 1752 1267 1819 oodioo:

91 1871 184 1957 ῶσπερ
215 1874 312 1958 ρῶπίν
344 1899 437 1942 τινα
467 1878 603 1943 ποικίλον
626 1914 671 1926 -
693 1875 986 1955 κατακεκλειμένην.
1035 1871 1176 1941 Tandem
1199 1895 1270 1939 meo

91 1993 188 2062 Marte
219 2004 444 2076 μυροπωλεῖον
475 2010 507 2062 et
539 1997 802 2076 συνηνεγμένην,
827 1995 982 2085 siquidem
1006 1994 1152 2075 ruvoiystv
1174 1999 1268 2077 ρ’ῶπον

90 2113 217 2182 difficile
243 2116 350 2183 fuerit.

131 2237 206 2326 Peg.
238 2237 301 2302 12²
331 2259 374 2303 rs.
412 2241 470 2303 10:
505 2235 562 2304 εἶτ’
593 2237 790 2318 δλνμπιοίδας
821 2237 1065 2320 καταλογίζεται
1096 2235 1192 2308 τίτας
1215 2237 1268 2302 καί

91 2358 182 2432 τίτας
211 2357 266 2424 καί
296 2357 432 2433 ὑπάτους
463 2360 516 2425 καὶ
547 2357 718 2449 ἄρχοντας·
750 2360 814 2426 ἐπὶ
845 2359 1023 2434 ταύταις
1054 2359 1108 2433 την
1137 2355 1273 2440 χιλιοίδα

90 2483 146 2542 τῶν
181 2480 255 2545 ε’τῶν
288 2479 463 2558 ὑποβαλών.
512 2479 577 2546 Aut
609 2479 742 2546 delenda
776 2480 965 2570 praepositio
1000 2481 1069 2556 ίπί,
1101 2491 1155 2544 aut
1187 2476 1272 2568 quod

90 2597 190 2665 lenius
224 2612 286 2679 est,
319 2600 540 2690 corrigendum
571 2601 644 2667 ὑπὸ
679 2601 847 2673 ταύτας.
895 2599 968 2665 Post
997 2621 1100 2689 panon
1134 2598 1269 2687 legitur:

90 2723 268 2799 ίμολανεῒν,
292 2715 337 2786 ὅτι
361 2725 453 2787 ταῦτ’
478 2724 530 2787 οὐκ
556 2721 641 2789 ἔστιν
664 2721 791 2798 οίληίιῖ
815 2719 899 2785 κατὰ
922 2719 993 2793 τοὺς
1016 2717 1159 2802 χρόνους,
1182 2718 1272 2783 ῶλλοδ

91 2843 131 2920 τῷ
161 2841 219 2921 μὲν
249 2838 343 2914 νῶτος
374 2843 416 2924 τῶ
449 2842 475 2907 δ’
508 2843 612 2924 ἑτέρως
643 2839 736 2920 ἔδοξε.
785 2839 819 2908 Si
852 2841 939 2907 loeus
962 2861 1055 2905 senus
1078 2852 1141 2914 est,
1166 2839 1271 2904 minus

89 2973 173 3027 oerte
193 2973 338 3028 accurate
358 2973 463 3028 noster
484 2964 537 3027 οὐκ
561 2963 660 3038 ῶληίῆ
684 2975 774 3028 rooot
798 2962 892 3041 telio,
917 2959 956 3027 de
979 2959 1094 3052 quibus
1117 2981 1272 3026 noncon·

90 3092 165 3160 stet,
191 3079 244 3146 sed
267 3081 336 3146 aliis
354 3081 446 3147 aliter
465 3081 617 3149 rideatur.
655 3081 769 3148 Melius
788 3082 929 3148 dixisset:
953 3083 1007 3148 οὐκ
1025 3080 1272 3164 ἀναμφίλεκτα,

89 3202 381 3284 ἀναμφισβήτητα,
416 3202 616 3268 ῶνενδοίαστα
653 3202 776 3269 aliudve
811 3201 886 3292 quid
917 3203 950 3266 in
974 3199 1112 3267 eundem
1135 3222 1272 3266 sensum.

91 3317 141 3385 dn
172 3320 252 3387 forte
283 3319 427 3411 Eunupio
459 3321 674 3389 reddendum:
708 3319 753 3388 ίσι
785 3324 878 3389 ταῦτ’
909 3323 963 3389 οὐκ
995 3319 1078 3387 ἔστιν
1105 3325 1274 3404 ἀσφαλῆ

90 3443 177 3508 κατὰ
199 3442 268 3518 τοὺς
292 3443 415 3526 χρίνους
438 3445 533 3512 sord?

136 3563 212 3652 Peg.
249 3563 315 3628 12b
347 3587 389 3630 rs.
417 3569 457 3631 3:
488 3569 546 3630 ποῦ
570 3565 601 3632 δὲ
625 3565 683 3640 τας
708 3567 820 3647 οὶρετοδς
844 3566 858 3628 ἐ
866 3568 902 3648 φ’
928 3565 1042 3630 ἑαυτῶν
1066 3560 1206 3643 καίοίπερ
1229 3562 1272 3627 τα

89 3683 205 3764 Φύλλα
238 3685 312 3765 πρὸς
345 3673 400 3760 την
434 3682 511 3766 ῶραν
544 3691 597 3751 ποῶ
630 3684 713 3760 ἔτους
742 3684 954 3766 αὐξανομένας
985 3684 1037 3751 καί
1071 3681 1275 3767 ἀπορρεούσας

90 3805 287 3887 παρείχοντο.
342 3806 544 3872 Manifestum
586 3783 632 3873 est
667 3808 819 3898 scriptum
853 3819 1017 3897 oportere:
1055 3809 1113 3870 ποῶ
1149 3805 1181 3870 δὲ
1215 3803 1275 3876 τίοι

88 3927 207 4008 ἀρετὰς
238 3927 312 4000 τοὶς
345 3928 459 3994 ἑαυτῶν
489 3930 554 3994 κτὲ.
605 3926 685 3994 lbid.
718 3951 760 3994 rs.
797 3931 840 3996 24
869 3927 996 4018 periisse
1019 3924 1143 3990 ridetur
1165 3923 1279 3989 rocula

90 4049 267 4113 necessaria
290 4048 324 4112 in
348 4048 470 4117 uerbis:
497 4049 556 4115 τῶν
579 4049 636 4126 μὲν
658 4053 802 4130 χρονικῶν
827 4046 989 4125 ηποίντυν
1009 4046 1027 4122 ἢ
1047 4051 1105 4112 πῶν
1124 4046 1278 4110 πλείστου

89 4167 381 4251 διαπεφυνημίνον.
430 4169 511 4235 Num
544 4169 700 4235 Graecum
731 4181 794 4234 est:
828 4168 845 4246 ἢ
877 4175 935 4233 τῶν
963 4191 1011 4246 γε
1035 4165 1189 4233 πλείσταν
1208 4165 1275 4230 κτὲ.

90 4287 167 4354 Sub
193 4291 327 4379 paginae
358 4289 474 4369 finem,
508 4289 613 4355 addito
646 4289 798 4369 articulo,
830 4289 1026 4378 scripserim:
1061 4289 1234 4364 Λυκοῦργος
1263 4285 1279 4347 ο*

91 4409 351 4490 Λακεδαιμόνιος.

144 4529 219 4621 Peg.
257 4535 320 4597 13¹
351 4532 439 4597 init:
473 4531 539 4612 περὶ
570 4532 601 4596 δὲ
630 4536 684 4597 τοῦ
717 4531 811 4608 πότε,
847 4531 1031 4610 παντοδαπῇ
1055 4525 1278 4606 ἐμπεπλήκασι

93 4651 139 4716 τα
174 4652 300 4732 βιβλία.
347 4651 560 4720 Niebuhrius:
593 4651 730 4741 (οίπορίρ)
766 4651 949 4733 παντοδαπῇ
974 4647 1107 4713 coniecit
1130 4645 1279 4736 probabi-
