2946 5014
292 451 312 497 11
744 445 978 496 ΡΒΔΗΔΤῙΟ.

289 626 326 674 τε
356 593 507 674 ἁπάντων
537 595 742 696 ὠφελούσαις
773 597 827 694 τὴν
856 593 951 672 πόλιν
971 593 1085 688 μόναις
1110 601 1173 672 ατί.
1208 603 1247 670 Iu
1279 623 1324 671 vs.
1356 599 1421 666 614

291 729 462 810 suspectam
486 722 583 788 habeo
606 724 733 788 formam
757 721 928 811 σεληναίας
959 743 1014 808 pro
1044 711 1187 810 σελήνης.
1223 719 1307 787 Num
1342 721 1423 786 forte

291 838 366 926 φώς
387 837 598 926 σεληναῖον
617 828 713 906 καλόν
734 837 929 904 scribendum
949 838 1015 902 est?
1039 837 1093 904 Vs.
1118 839 1180 903 721
1207 838 1276 902 vida
1299 859 1337 902 an
1372 859 1423 902 ac-

290 952 444 1036 quiescere
467 955 567 1040 posais
590 955 622 1018 in
651 953 893 1019 Scholiastarunr
917 955 1170 1040 interpretatione
1205 952 1424 1019 vocabulorum

290 1069 477 1154 φρουρᾶς
496 1061 592 1154 ᾄδων.
616 1071 671 1134 Sin
697 1071 815 1147 minus,
845 1070 975 1134 fortasse
1006 1069 1062 1134 tibi
1087 1069 1234 1134 arridebit
1254 1091 1317 1134 mea
1348 1090 1426 1132 con-

291 1178 409 1245 iectura
432 1175 569 1274 φροδδ
575 1207 620 1260 ας
639 1183 734 1272 ᾄδων.
756 1185 878 1252 (tertius
903 1191 949 1250 est
962 1209 1005 1252 vs.
1018 1185 1082 1251 745
1097 1185 1302 1272 reponendum
1319 1205 1402 1250 esse:

694 1342 776 1441 κςίια
794 1345 851 1442 την
871 1343 997 1441 γνοίμην
1018 1343 1117 1418 πάλιν

496 1461 623 1554 κίνησον
644 1453 743 1542 αὖθις
766 1453 813 1532 αὖ
833 1487 874 1530 τε
896 1463 949 1529 καί
971 1456 1197 1554 ζυγώθρισον,

291 1644 344 1712 ubi
372 1646 486 1737 legitur
509 1646 616 1723 αυίὀ.
641 1653 697 1720 Vs.
723 1655 808 1720 1127
832 1655 912 1730 erit,
948 1655 1001 1739 qui
1038 1675 1156 1720 mecum
1179 1653 1343 1739 praeferat:
1371 1648 1429 1722 xdie

290 1753 376 1852 γιίμη
398 1758 607 1856 πουήδιδς
629 1761 650 1856 ἢ
676 1769 741 1834 τοῖν
769 1769 923 1856 ξυγγενῶν
956 1791 1016 1844 τις
1046 1762 1066 1857 ἢ
1096 1767 1211 1858 φίλων.
1245 1768 1300 1836 Vs.
1337 1771 1427 1836 1169

290 1900 486 1945 numerorum
510 1885 590 1948 ratio
617 1885 743 1957 suadet,
776 1891 811 1948 ut
844 1883 943 1948 delato
965 1885 1238 1970 interpretamento
1268 1882 1323 1954 σδν
1357 1877 1429 1952 uida

290 1995 492 2062 rescribatur:
504 1989 607 2066 doadi
618 2009 695 2083 (νυν)
716 1989 833 2080 λαβών.
858 1998 1080 2064 Difficultatern
1092 2001 1333 2086 grammaticam,
1348 2023 1431 2086 quae

290 2113 401 2196 premit
427 2113 614 2180 Vnsraauu
638 2136 681 2178 vs.
707 2115 793 2190 126,
817 2114 908 2178 facile
930 2115 1101 2180 removebis
1125 2116 1308 2180 scribendo:

445 2297 596 2363 εἰσεῡδεν
619 2286 699 2382 (οὖν)
721 2291 739 2365 ὁ
760 2298 827 2381 μὲν
849 2291 951 2364 odata’
971 2291 1067 2366 αδιδν
1088 2298 1268 2390 ἐξίφρει,

447 2403 464 2477 ὁ
486 2403 517 2477 δ’
538 2409 754 2500 ἐξεδίδρασκε.

293 2587 431 2675 Vulgata
447 2585 713 2676 ἐξεφρείομεν
732 2585 824 2674 (quae
846 2589 943 2653 forma
965 2595 1010 2654 est
1032 2588 1138 2674 nihili)
1156 2589 1305 2674 originem
1318 2587 1434 2654 debere

291 2706 412 2770 videtur
425 2703 601 2768 huiusmodi
610 2705 780 2789 scripturae
791 2703 958 2768 ιὲνιεῦδεν
980 2691 1037 2770 οὖν
1052 2693 1261 2768 ου’κέιάδτόν
1282 2698 1433 2790 ε’ἓὲιγρει,

291 2821 457 2906 adscriptis
483 2819 517 2882 in
540 2820 678 2905 margine
702 2841 794 2904 prope
818 2817 999 2883 vocabulum
1020 2814 1154 2906 ἑξέφρει
1176 2815 1296 2880 voculis
1320 2807 1338 2880 ὁ
1363 2818 1436 2902 μέν,

291 2957 368 3022 quae
380 2934 524 3000 librarius
536 2957 636 3000 errore
648 2936 801 2999 omiserat.
814 2935 877 3006 Qui
890 2955 989 3010 error,
1002 2937 1038 2996 ut
1051 2931 1134 2997 vides
1146 2981 1154 3010 ,
1168 2953 1282 2996 novum
1296 2953 1436 2998 errorem
1461 2947 1462 2955 ’

292 3053 417 3139 peperit.
452 3053 619 3137 Postquam
643 3052 724 3116 enim
745 3044 763 3117 ὁ
784 3049 843 3135 μέν
864 3050 943 3114 male
966 3071 1034 3114 cum
1061 3047 1192 3138 ἐξέφρει
1213 3047 1391 3126 coaluerat,
1420 3074 1437 3112 a

291 3173 478 3245 correctore,
501 3169 629 3253 opinor,
652 3166 780 3253 expulsa
800 3173 846 3230 est
870 3165 980 3230 vocula
1005 3151 1075 3242 οὖν,
1097 3163 1209 3248 quippe
1232 3185 1310 3248 quae
1331 3173 1436 3230 metro

186 3331 189 3338 -
291 3284 518 3373 adversaretur,
542 3282 657 3348 Facilis
687 3303 809 3368 quoque
833 3281 983 3346 medicina
1006 3287 1111 3366 parata
1135 3287 1181 3344 est
1199 3301 1241 3344 vs.
1263 3280 1351 3355 470,
1380 3283 1436 3364 qni

291 3401 337 3466 sic
372 3401 585 3487 corrigendus,
617 3405 653 3464 ut
675 3398 816 3484 legatur:
840 3391 912 3461 ἐσθ’
939 3387 1032 3470 ὅπως
1063 3388 1108 3461 ι’ίν
1142 3393 1181 3460 ἐκ
1218 3396 1286 3482 (pro
1320 3385 1461 3477 ciceri

290 3505 397 3602 μάχης
419 3550 458 3561 -
478 3511 511 3588 ἐς
538 3503 654 3597 λόγους
683 3509 890 3592 ἔλθοιμεν,
915 3509 953 3574 cl.
978 3533 1020 3576 vs.
1045 3509 1126 3574 866:
1150 3503 1199 3575 ὅτι
1218 3506 1378 3594 γενναίως
1401 3505 1439 3572 ἐκ

290 3628 350 3693 τοῦ
371 3625 518 3708 πολέμου
540 3625 592 3690 καί
615 3627 674 3690 τοῦ
693 3623 815 3698 νείκους
835 3619 1014 3712 ξυνεβήτην,
1038 3625 1094 3692 Vs.
1122 3623 1183 3691 161
1209 3623 1311 3688 Paors
1331 3623 1439 3708 scrip·

292 3743 399 3808 serim:
423 3733 546 3830 ὀρδην
565 3739 634 3828 (pro
646 3728 764 3826 σ’ρθδς)
782 3726 882 3823 χαίρει
904 3731 984 3812 Διδς
1006 3737 1055 3814 εἰς
1077 3731 1196 3822 οὐλάς,
1210 3739 1248 3804 cl.
1261 3743 1322 3804 Av.
1338 3761 1385 3802 vs.
1407 3739 1440 3802 1:

293 3849 418 3946 ὀρθην
438 3845 579 3929 κελεύεις
600 3852 694 3938 (ἰέναι
715 3851 799 3936 scil.)
822 3857 852 3914 et
876 3851 988 3930 ibidem
1013 3879 1057 3921 vs.
1084 3857 1162 3922 165:
1187 3845 1325 3926 οἰιολεῒς
1348 3843 1433 3918 oino-

292 3974 375 4052 λεῒς,
397 3973 510 4038 omisso
535 3970 723 4056 pronomina.
756 3967 810 4030 Vs.
844 3970 907 4032 193
932 3976 1096 4038 contextus
1125 3975 1177 4038 vix
1205 3971 1322 4058 patitur
1349 3973 1419 4035 πιῦ
1426 3993 1444 4043 ς

292 4078 432 4176 ἦλθες,
466 4109 561 4172 quare
591 4085 661 4151 vide
689 4107 726 4148 an
757 4086 836 4148 forte
859 4082 953 4150 lateat
975 4075 1026 4159 nic
1046 4077 1125 4174 ἡδέ’
1146 4080 1200 4164 (rd
1221 4082 1301 4171 κρέα
1323 4085 1442 4170 scili?

292 4189 348 4252 VS·
374 4207 435 4268 197
462 4204 570 4290 utique
592 4200 872 4288 transponendum:
893 4202 1035 4288 φροῦδοι
1062 4192 1124 4289 γάρ
1155 4197 1279 4276 εἰσιν,
1312 4192 1447 4279 ἐχθὲς

293 4315 509 4402 ἐξῳκισμένοι
542 4319 596 4384 Vs.
633 4322 697 4384 800
733 4317 890 4404 suspicor:
923 4315 978 4378 νῦν
1005 4307 1067 4402 γάρ
1098 4308 1173 4400 ἡμῖν
1202 4299 1248 4378 σί
1278 4301 1459 4396 σπάσαι
