2932 5004
776 345 837 409 140

256 533 310 598 ltr.
349 531 407 598 llll
444 531 584 620 (lll'lllz
620 529 665 596 dr:
701 533 726 598 οἱ
761 538 820 597 σοῖν
855 532 1011 612 Ῥωμαίων
1046 539 1256 616 περιφανεῖς
1291 529 1396 614 ἄνδρες

211 653 470 736 ε’μιαιφονιίίνισαυ
495 654 530 719 ἐκ
552 653 713 733 διαβολῆς.
752 651 845 718 Haud
869 651 966 720 dubie
993 651 1137 720 dederat:
1168 649 1214 720 ὅτι
1241 689 1287 704 ··-
1312 655 1396 720 ἐπι-

212 779 324 857 φανεῖς
358 772 460 856 ἄνδρες
496 773 560 839 κσί.
577 841 589 864 Ι
609 773 773 840 Praeterea
803 797 862 864 pro
888 775 913 840 οῖ
938 774 1051 864 aliquis
1074 773 1165 842 malit
1187 775 1313 852 πολλοί,
1335 775 1397 840 nisi

213 905 350 986 praestat
384 917 535 985 reponere
570 895 795 984 superlativum
830 895 1083 980 ἐπιφοινίσσον-οι.
1132 895 1199 962 viri
1222 895 1308 962 docti
1330 919 1396 961 non

211 1017 376 1107 perfecisse
410 1014 556 1082 ridentur
588 1014 769 1082 inchoatam
797 1015 1051 1083 emendationem
1084 1039 1193 1083 eorum
1204 1061 1215 1092 ‚
1245 1039 1327 1106 quae
1355 1017 1398 1084 le·

211 1150 330 1228 guntur
363 1137 396 1202 iu
431 1137 569 1226 excerpti
602 1137 685 1216 line,
726 1105 871 1227 quaelpue
904 1137 981 1204 olirn
1011 1140 1056 1204 sic
1089 1137 1285 1206 edebantur:
1322 1138 1396 1219 πρὸς

212 1260 317 1330 αὐτοῖς
336 1265 400 1331 σοῖς
418 1256 541 1330 ἀδύτοις
557 1256 724 1336 ἐπιβώμιος
742 1259 954 1340 μιαιφονκίείς
973 1257 1153 1338 ιίπίσβεσεν
1168 1258 1206 1324 αν
1223 1261 1266 1340 egi
1282 1255 1398 1339 αῖμουσι

211 1378 246 1442 πὸ
285 1378 464 1460 οῖκοιμίσσιρ
502 1376 721 1462 δεισιδαιμονίᾳ
752 1379 930 1459 τηρούμενον
964 1383 1024 1461 πῦρ
1060 1377 1095 1456 ἐξ
1129 1381 1244 1454 αίιῖνος.
1291 1379 1401 1471 Repo·

212 1511 343 1564 suerunt
366 1499 451 1564 enim
475 1498 650 1579 ακοιμιίσρ,
674 1519 748 1564 curu
771 1498 951 1567 debuissent
972 1501 1179 1580 ακοίμκπον,
1206 1499 1292 1591 quod
1315 1503 1398 1569 reie-

211 1631 299 1685 ratur
322 1617 361 1684 ad
383 1617 482 1684 subet.
507 1623 586 1699 πῦρ,
609 1617 651 1684 cf.
678 1617 840 1686 Plutarch.
867 1618 993 1687 Gemill.
1020 1643 1048 1687 c.
1075 1620 1138 1692 20:
1164 1623 1248 1687 σοῖο·
1269 1617 1318 1687 οὖν
1337 1619 1398 1688 ἅτε

211 1740 247 1814 δὴ
282 1740 422 1820 περισσὸν
455 1735 552 1820 ἄνδρα
582 1738 635 1805 τὸν
664 1744 777 1819 Νομοῖν
806 1739 903 1830 (male
933 1739 1038 1807 editur
1060 1739 1203 1830 Νουμοῖν)
1227 1741 1280 1808 καί
1304 1741 1400 1820 λόγον

212 1861 328 1943 ἔχοντα
357 1868 429 1934 παῖς
460 1860 602 1934 Μούσαις
624 1863 755 1928 συνεῖναι
778 1860 829 1927 διὰ
851 1861 963 1944 σοφίαν
986 1857 1164 1939 ἐξοσιῶσαι,
1186 1861 1239 1926 καί
1259 1867 1401 1946 φρουρεῖν

212 1983 424 2061 ἀκοίμητον
448 1981 479 2046 ἐν
500 1980 591 2048 elada:
614 1989 670 2056 τῆς
693 1981 737 2050 σοί
760 1981 867 2048 ποίνσα
890 1980 1063 2062 κοσμούσης
1084 1982 1184 2048 etatae
1206 1981 1376 2063 δυναμευς.

258 2103 312 2168 rr.
338 2101 415 2168 XXI
438 2101 597 2190 quomodo
621 2086 842 2192 corrigendum
866 2103 929 2182 sit,
954 2123 1048 2194 supra
1070 2103 1192 2169 monui.

258 2225 311 2289 rr.
350 2221 480 2288 XXIII:
514 2223 545 2286 ἐν
578 2221 641 2304 γὰρ
675 2231 738 2297 σοῖς
772 2223 822 2290 ἐπὶ
858 2231 955 2292 σοῖσιν
988 2221 1131 2303 ίνίμασιν
1165 2223 1254 2305 εὑρὼν
1288 2224 1399 2291 ἑαυτὸν

213 2340 545 2426 προσγεγραμμίνον.
594 2341 719 2408 Malim:
745 2343 1041 2425 προγεγραμμένον
1059 2345 1082 2409 i.
1101 2367 1129 2410 e.
1140 2348 1397 2435 proscriptum.
1451 2415 1452 2418 ,

213 2462 333 2531 Deinde
364 2461 579 2530 scribendum:
609 2465 716 2539 εὐίέος
740 2463 1013 2546 ἐγκαλυψάμενος
1036 2466 1091 2540 σὺν
1114 2466 1258 2547 κεφαλὴν
1279 2473 1398 2549 προῆγε

211 2586 263 2653 aa
291 2587 345 2652 ποῖ
375 2585 506 2660 πλιίίους
538 2583 560 2650 i.
586 2607 616 2650 e.
642 2585 796 2650 obvoluto
819 2587 936 2676 capite
949 2589 1136 2676 prorepserit
1159 2607 1198 2651 ee
1214 2609 1286 2676 per
1307 2587 1399 2652 κικί-

211 2705 397 2771 titudinem
420 2726 478 2793 pro
500 2703 799 2786 ἐπικαλυψάμενος
823 2717 855 2772 et
877 2705 1010 2788 ἐλπίζον
1031 2707 1226 2789 ποριεῖσίοιι
1248 2708 1313 2772 κπέ.
1336 2729 1400 2797 pro

211 2825 434 2908 σορίζεσίαι.
480 2823 519 2891 ln
549 2825 587 2890 fr.
622 2823 728 2890 XXVI
758 2827 850 2892 initio
878 2825 1084 2917 suppleatur:
1119 2822 1165 2894 ῖπι
1196 2826 1321 2917 ἡμῖν)
1344 2828 1399 2895 διὰ

212 2949 270 3014 σῶν
294 2943 396 3012 ὅπλον
417 2945 482 3020 νίκκ
506 2981 551 2996 -·-
574 2944 616 3010 rel
639 2945 671 3011 :a
694 2947 759 3010 κσὲ.

609 3186 709 3254 tltN.
737 3187 793 3253 ln
818 3187 899 3254 LlB.
927 3188 995 3254 XL.

257 3431 373 3499 Statim
400 3430 434 3496 in
463 3428 572 3494 limine
602 3429 642 3494 fr.
676 3429 691 3495 l
714 3428 864 3496 lectorem
888 3429 1027 3497 offendat
1053 3453 1179 3498 necesse
1203 3441 1250 3497 est
1272 3429 1397 3498 soloeca

211 3553 378 3620 verborum
421 3549 628 3641 compositio:
673 3546 719 3615 dr:
758 3548 884 3631 Μοίρκος
918 3551 1075 3625 Ἀντώνιος
1111 3551 1288 3631 συνίίμονος
1323 3554 1397 3635 πρὸς

211 3683 334 3757 Κρῆτας
370 3673 502 3754 είριίνκυ,
538 3670 634 3754 μέχρι
669 3669 727 3750 μέν
762 3693 840 3744 τινος
875 3669 994 3747 ταύτην
1036 3673 1176 3754 ίσιίρουν,
1212 3693 1294 3762 quae
1327 3673 1400 3740 tolli

211 3797 309 3885 possit
339 3792 556 3860 rescribendo:
590 3789 636 3857 ὅτι
667 3790 795 3871 Μοίρκου
825 3791 986 3858 ’λυποίνιου
1017 3793 1197 3872 σνυίέμενου
1228 3794 1293 3860 xri.
1337 3792 1401 3861 Se-

212 3915 341 4005 quentia
369 3937 443 3980 cum
467 3911 629 3978 lliudorlio
653 3912 755 3978 scribo
779 3911 843 3979 sic:
869 3913 955 3990 μετα
978 3913 1138 3981 δὲταῦτα
1162 3913 1400 3995 προπιίεμένκς

210 4038 326 4118 βουλῆς
360 4058 415 4125 pro
446 4035 677 4112 συνσιίεμένκο
701 4035 765 4100 nat.
813 4033 864 4102 lb.
888 4057 933 4100 vs.
960 4037 1025 4100 24:
1052 4036 1105 4100 καί
1128 4039 1236 4101 ποῖσαν
1257 4035 1400 4110 δεκτικὴν

211 4157 378 4238 προϊέμενοι
412 4156 514 4238 Φωνίιν
544 4152 757 4234 ἐξείεροίπευον
788 4155 880 4229 τοὺς
912 4154 952 4219 τὸ
983 4155 1182 4238 συνέδριον
1210 4154 1401 4239 συνέχον·

210 4303 295 4352 ης.
342 4275 478 4340 Vertunt
498 4277 685 4365 prinm'pes
708 4273 847 4340 ordinis
872 4279 1063 4356 senatorie',
1093 4275 1147 4343 sed
1170 4277 1262 4344 ralde
1286 4275 1402 4345 dubito

211 4423 252 4464 an
276 4399 394 4464 Graeco
419 4397 462 4462 sic
486 4396 685 4484 interpretari
708 4396 821 4476 liccat,
845 4419 919 4463 nam
943 4397 969 4463 si
991 4397 1053 4464 hoc
1077 4397 1255 4489 significare
1277 4400 1402 4467 voluis·

212 4531 279 4595 set,
311 4517 469 4584 debuisset
498 4515 609 4580 saltem
641 4515 795 4584 scribere:
822 4517 857 4584 πὸ
881 4519 1008 4602 συνέχον
1032 4525 1086 4586 roi:
1110 4519 1278 4603 συνεδρίου,
1301 4534 1335 4588 et
1359 4545 1403 4590 ne

212 4638 256 4704 sie
288 4635 415 4723 quidem
446 4647 550 4714 recte,
580 4636 653 4724 quia
684 4635 761 4706 baec
792 4638 929 4706 formula
959 4641 1178 4731 tantammodo
1210 4641 1249 4709 dc
1271 4643 1404 4723 rebus,
