2990 5012
774 415 819 480 40

239 605 444 693 sequentium
469 607 698 674 vorabulorunr
721 605 983 685 similitudinem,
1008 617 1075 674 tuni
1101 605 1257 674 voeabulo
1273 611 1360 692 α’ρισ-

239 725 411 792 τόδειπνον
439 723 647 790 Menandrum
674 723 705 790 in
730 723 788 789 liae
814 722 881 811 ipsa
900 723 1003 789 labala
1030 743 1124 789 usum
1150 721 1248 789 luisse
1274 719 1361 788 nori-

239 859 311 904 ntus
336 861 372 904 ux
400 838 533 905 Pollucis
558 837 781 916 Ononrastieo,
807 839 861 906 ubi
888 849 964 906 seet.
991 843 1054 906 102
1081 838 1133 905 tio.
1159 837 1194 904 vt
1215 839 1292 905 ltaot·
1318 839 1361 904 le-

239 962 377 1040 gumus:
403 956 750 1040 Ἀριστόὸεεπναν
777 957 810 1023 δέ
835 959 1031 1042 Μένανδρε),ι
1052 959 1155 1042 εἴρηκε
1173 961 1227 1022 καί
1252 956 1362 1021 ἄδει-

241 1099 344 1139 πνον
366 1079 383 1138 ο’
409 1075 505 1149 αὐτὸς
530 1081 572 1140 ἐν
605 1087 648 1159 τῇ
677 1079 811 1160 Ὀργῇ,
849 1093 932 1158 quae
961 1071 1056 1138 verba
1080 1070 1120 1138 ad
1145 1069 1231 1136 ltnne
1256 1069 1362 1157 ipsunt

241 1207 346 1276 locutu
380 1185 489 1252 relerri
528 1198 694 1275 poterunt,
728 1187 753 1254 si
787 1207 914 1254 rneeunr
941 1185 1142 1274 reposueris:
1172 1193 1225 1253 καί
1254 1193 1364 1270 περί-

241 1304 421 1370 ὅειπναν
453 1309 471 1368 o'
502 1311 598 1381 nortia
631 1311 665 1372 ἐν
708 1319 743 1390 τῇ
780 1306 884 1390 Ὀργῇ.
946 1301 1022 1368 Nam
1055 1313 1087 1368 el
1124 1303 1280 1377 ἄδειπνος
1315 1311 1364 1366 esl

242 1437 320 1482 usus
344 1415 432 1482 valdo
453 1415 630 1504 linquentis
648 1429 679 1484 et
699 1417 814 1484 nrirnnr
834 1429 883 1484 est
903 1417 1060 1484 Pollucem
1080 1417 1231 1486 rnaluisse
1249 1429 1365 1506 qttarto

244 1552 339 1619 quarn
365 1531 469 1620 prinro
494 1553 569 1598 easu
595 1531 670 1599 illud
696 1532 886 1599 rotabulum
911 1533 1034 1599 allerre.

287 1651 387 1726 (luant
413 1647 452 1714 sit
486 1648 684 1737 periculosae
716 1650 846 1737 plennnt
878 1669 961 1737 opus
992 1649 1079 1716 aleae
1107 1649 1258 1738 supplere
1282 1671 1364 1736 quae

244 1761 421 1830 scribarum
457 1763 580 1831 incuria
615 1764 808 1840 exciderint,
846 1764 917 1832 lieet
954 1785 1017 1832 non
1042 1764 1101 1831 siin
1134 1763 1283 1850 ignarus,
1316 1775 1365 1830 est

244 1887 350 1944 tainen
379 1877 432 1944 not
462 1878 544 1946 duee
573 1873 730 1946 senlenlia
760 1890 790 1946 et
822 1878 983 1948 scribendi
1008 1879 1243 1948 consuetudine
1271 1879 1364 1968 quasi

245 2004 360 2082 sponte
388 2005 607 2068 renascantur.
644 2015 728 2083 quae
759 1995 833 2062 olinr
864 1995 1052 2062 interierint.
1100 1993 1190 2074 Quod
1220 1993 1300 2061 salet
1325 1993 1366 2060 de

244 2109 423 2197 l'ragmento
447 2111 585 2196 quodanr
611 2111 871 2178 sinn-nense
900 2111 1014 2177 llonoe
1034 2131 1084 2198 op.
1110 2107 1215 2177 Schol.
1233 2109 1272 2175 ad
1290 2107 1366 2174 Eur.

246 2223 297 2291 Or.
322 2227 404 2300 269,
430 2225 678 2314 interempto,
705 2225 765 2293 nisi
789 2225 889 2302 fallor,
915 2225 1087 2315 explendo:

379 2347 410 2408 τί
437 2337 494 2410 οὖν
518 2350 687 2426 γινόμενος
713 2347 756 2420 είς
781 2346 865 2425 ὀπὴν
892 2344 1065 2426 ἐνδύσομαι
1075 2368 1086 2416 ,·

382 2457 449 2541 φέρ’
472 2463 500 2524 εί
523 2461 706 2544 γενοίμην
732 2459 907 2542 (ανδρες,
934 2459 1133 2544 ἐξαίφνης)
1155 2459 1255 2540 rolin

380 2571 451 2636 ἀλλ’
473 2572 653 2658 Ἡγέλοχος
673 2563 765 2648 οὗτός
784 2599 822 2655 με
845 2579 1015 2658 μηνύσειεν
1038 2578 1081 2640 ἂν

379 2693 396 2752 ό
421 2691 571 2770 τραγικὸς
596 2691 773 2770 α’νακράγαν
800 2687 824 2752 τ’
848 2695 892 2754 ἄν
914 2693 967 2764 είς
992 2692 1153 2774 ἐχθρούς
1176 2690 1268 2771 μίγα·

385 2807 437 2868 »ἐκ
466 2810 616 2885 κυμάτων
643 2807 703 2885 γὰρ
729 2799 828 2880 αὖθις
853 2797 893 2868 αὖ
917 2803 1021 2886 γαλῆν
1044 2804 1140 2888 όρὼ.”

291 2916 342 2983 Sie
367 2939 393 2981 r.
420 2940 445 2982 e.
472 2915 702 3004 Aristophanes
728 2916 760 2983 in
785 2916 895 3006 Vespis
920 2919 980 2982 49:

380 3039 556 3116 ἄνθρωπος
585 3039 630 3100 ὡν
656 3034 817 3114 ἐγίγνετ’
842 3037 1030 3120 ἐξαίφνης
1055 3035 1164 3117 κόραξ·

247 3145 333 3214 ltlont
359 3146 388 3212 in
416 3143 562 3213 Nubibus
587 3167 631 3212 vs.
658 3148 740 3212 352:

291 3269 535 3346 οίντοφαίνουσαι
555 3271 612 3346 τὴν
630 3269 725 3346 φύσιν
742 3267 841 3330 αὐτοῦ
859 3263 948 3330 luunt
967 3265 1153 3350 ἐξαίφνης
1172 3251 1367 3346 ἐγίνονίο.

247 3387 278 3444 et
303 3375 333 3442 in
360 3377 471 3465 l'espis
496 3399 541 3444 vs.
567 3379 646 3444 ets:

380 3493 587 3580 ἀπόπληκτος
617 3497 802 3581 ἐξαίφνης
829 3497 984 3575 ἐγένετο
1009 3501 1065 3573 τὰς
1093 3501 1248 3574 γνάθους.

247 3609 291 3675 ot
316 3607 357 3673 ili.
384 3630 410 3672 v.
436 3609 511 3672 324.
1184 3686 1185 3692 ἵ

293 3726 439 3810 ’Ἄνδρες
464 3722 708 3810 interpositum,
734 3721 1007 3810 qtteniadinodurn
1030 3744 1057 3786 v.
1073 3742 1099 3787 o.
1125 3719 1194 3788 l‘ue.
1217 3725 1292 3800 214,
1316 3721 1371 3788 ubi

250 3837 414 3927 Trrgaeus
440 3837 575 3904 eliorum
601 3835 650 3902 his
677 3835 780 3902 serbis
804 3832 996 3922 alloquitur:
1103 3859 1108 3874 ·

382 3961 483 4022 Τουτὶ
508 3957 579 4037 μίν.
604 3955 763 4038 ἄνδρες,
789 3954 884 4021 οὐδὲν
909 3961 985 4036 η’μῖν
1011 3961 1140 4037 πρᾶγμά
1163 3979 1222 4017 πω.

249 4068 299 4134 Vs.
325 4073 380 4134 lto
405 4066 569 4155 negotium
596 4065 672 4133 nihi
697 4067 859 4133 lacessunt
884 4063 978 4132 verba
1005 4071 1049 4141 εἰς
1076 4071 1213 4152 ἐχθρούς
1238 4075 1372 4153 propter

248 4183 418 4249 articulant
444 4183 525 4248 male
551 4181 718 4250 omissum.
746 4181 893 4249 Fortasse
918 4199 1011 4269 opent
1038 4181 1097 4246 lert
1121 4177 1226 4246 Selrol.
1250 4179 1289 4246 ad
1318 4179 1371 4245 Ar.

249 4296 326 4364 llon.
352 4301 434 4376 305,
467 4297 522 4385 qui
554 4317 612 4386 pro
643 4296 682 4363 iis
707 4295 803 4364 habet
836 4298 972 4374 εἰσιδὼν,
1003 4295 1088 4383 quod
1115 4295 1273 4382 glossema
1299 4315 1372 4362 esse

250 4423 355 4498 potest
386 4413 545 4498 genuinae
578 4412 740 4491 lectionis,
774 4431 857 4499 quae
889 4410 984 4480 luerit
1015 4419 1249 4498 εἶσαθρῶ-ν,
1285 4409 1373 4477 undo

249 4533 291 4604 εἰς
316 4535 497 4614 ἐχθρούς
529 4529 615 4596 nasci
641 4529 790 4617 potuerit.
