2944 5002
779 325 820 386 52

203 511 315 590 fallor,
329 511 404 576 olim
416 510 582 599 adscripta.
610 507 752 576 Redditis
764 509 860 598 igitur
871 509 937 574 istis
949 509 1141 599 magistello.
1166 511 1387 578 rescribamus:

203 629 360 704 Λντοίτιος
388 633 419 698 δὲ
450 633 463 696 ί
495 628 611 704 ὕπατος
641 629 728 696 ναυσί
758 637 894 712 μακραῖς
925 626 1110 710 τριακοσίαις
1142 631 1195 698 καὶ
1228 631 1391 713 τορείοις

204 754 396 826 ἑπτακοσίοις
419 753 462 823 είς
486 751 632 818 Σικελίαν
655 747 786 816 ἔπλευσε
807 751 871 816 κτὲ.
919 750 992 816 Nou
1011 751 1116 816 minus
1134 751 1292 842 probabili
1311 772 1393 817 cou-

204 873 324 940 iectura
358 874 391 938 iu
424 873 583 962 integrum
618 870 779 936 restituam
815 892 897 960 quae
927 883 1119 960 sequuntur:
1142 875 1258 938 ’Άννιον
1281 871 1313 936 δὲ
1336 872 1391 938 καῖ

204 995 296 1068 αὐτὸς
321 996 354 1059 ἐκ
378 992 570 1076 Καρχηδόνος
591 991 678 1058 νανσί
698 990 866 1066 διακοσίαις
887 993 1078 1067 τεντνίκοντα
1097 1001 1234 1074 μακραῖς
1254 991 1307 1058 καί
1327 1001 1393 1066 τοῖς
1459 1042 1460 1056 ,

203 1109 535 1198 Φορτηγοῖς-ἦλίεν.
571 1111 644 1178 Nou
658 1123 773 1201 erputo
781 1161 790 1192 ,
809 1111 920 1200 quidni
932 1124 1042 1178 auctor
1054 1111 1209 1178 addiderit
1221 1135 1394 1180 numerum
1459 1101 1460 1114 l

203 1237 332 1304 uarium
353 1237 587 1314 onerariarum,
608 1255 712 1323 neque
729 1256 787 1299 cur
806 1233 957 1300 articulus
969 1235 1059 1324 isque
1070 1235 1237 1300 masculini
1250 1236 1393 1324 generis,

205 1355 282 1422 dum
315 1356 471 1439 φορτηγός
507 1355 608 1444 (ναῦς)
644 1353 684 1420 ad
717 1355 906 1421 lemiuinum
939 1357 1095 1446 pertinet,
1130 1355 1304 1446 adscriptus
1339 1357 1392 1422 sit.

208 1479 312 1566 Quare
338 1479 479 1568 auspicor
507 1478 611 1568 ipsum
639 1499 808 1543 numerum
831 1477 930 1544 latere
952 1478 985 1542 iu
1010 1477 1162 1556 articulo,
1187 1490 1219 1544 et
1241 1479 1271 1544 τ’
1297 1478 1333 1565 (ἰ.
1359 1501 1392 1544 e.

205 1597 407 1687 τριακοσίαις)
446 1622 464 1664 a
495 1598 603 1666 scribis
637 1622 694 1688 pro
729 1597 937 1688 compendio,
975 1621 1038 1688 quo
1071 1605 1322 1682 ταχνγραφικῖις
1358 1600 1395 1664 iu

207 1719 295 1786 libris
324 1728 387 1794 τοῖς
417 1720 537 1786 exarari
571 1720 667 1798 solet,
699 1743 765 1786 esse
795 1719 951 1786 habitum.
1003 1722 1090 1807 Quae
1113 1721 1247 1810 suspicio
1271 1722 1296 1786 si
1320 1743 1395 1786 reru
1460 1809 1461 1814 γ

207 1853 269 1921 est,
292 1843 325 1906 in
345 1853 505 1931 posterum
524 1841 676 1931 legemus:
694 1844 811 1908 ’Άννονν
830 1843 885 1908 σὺν
906 1841 993 1908 ναυσί
1013 1841 1182 1914 διακοσίαις
1202 1843 1396 1919 πεντήκοντα
1460 1855 1461 1858 ’

206 1971 343 2045 μακραῖς
368 1963 419 2027 καί
443 1963 697 2043 τριακοσίαις
720 1967 944 2045 φορτηγοῖς-
957 1957 1054 2036 ἦλθεν.
1080 1961 1220 2028 Tandem
1233 1963 1266 2027 iu
1278 1962 1317 2028 fr.
1333 1962 1396 2028 XX

207 2082 396 2173 legendum:
430 2083 524 2165 μέχρι
553 2081 610 2162 μίν
645 2105 723 2155 τινος
753 2081 889 2159 ε’σιῶτα,
923 2083 961 2156 τίς
996 2082 1022 2146 δ’
1056 2083 1165 2160 ἤκουσε
1199 2121 1245 2134 -
1278 2083 1395 2150 οὐκέτ’

209 2203 405 2286 ἐκαρτέρησεν
435 2225 492 2292 pro
522 2203 591 2268 οὐκ
620 2201 829 2283 ἐκαρτέρησεν.
878 2199 1035 2268 Orationis
1061 2225 1134 2269 reru
1158 2204 1336 2272 scabritiem
1360 2205 1397 2270 in

82 2379 92 2386 ,
208 2325 248 2390 fr.
286 2323 383 2404 xxi,
416 2345 497 2412 quae
520 2323 589 2388 tolli
611 2324 731 2412 possit,
755 2335 878 2390 mutato
901 2325 1088 2414 pronomine
1111 2325 1272 2415 reciproco
1294 2326 1397 2403 οῖοιοινῖ-

208 2461 279 2522 οιονς
308 2446 341 2510 in
372 2467 465 2536 prou.
495 2443 666 2512 demonstr.
699 2445 828 2522 αὐτοὺς,
860 2445 989 2514 fortasse
1013 2447 1127 2512 rectius
1149 2445 1268 2514 tribues
1292 2447 1398 2536 epito—
1461 2523 1462 2540 ἶ

209 2567 323 2634 matori
346 2589 441 2656 quam
464 2565 610 2632 librariis.

595 2807 693 2874 nus.
720 2805 777 2873 nr
802 2805 883 2876 urs.
910 2806 1010 2872 xxv.
1060 2786 1064 2802 ‘

257 3051 326 3135 Quo
349 3047 473 3113 nullum
497 3060 543 3114 est
565 3071 664 3138 genus
687 3071 849 3127 errorum,
874 3069 952 3137 quos
975 3046 1175 3112 librariorum
1197 3047 1338 3116 incuriae
1362 3065 1397 3116 et

209 3169 329 3260 stupori
359 3169 497 3236 tribuere
528 3168 681 3248 solemus,
712 3169 922 3258 frequentium
958 3167 991 3234 id
1018 3189 1116 3257 genus
1140 3169 1394 3257 corruptelarum

207 3292 276 3358 iure
308 3289 514 3368 habebimus,
551 3311 614 3377 quo
648 3288 854 3355 diversissima
889 3287 1055 3354 rerbomun
1090 3301 1232 3378 tempora
1255 3289 1338 3355 inter
1361 3313 1398 3356 se

207 3423 388 3504 permutare
416 3422 447 3474 et
477 3408 671 3476 confundere
701 3410 752 3474 isti
781 3420 1023 3474 consueverunt.
1072 3405 1169 3474 Cuius
1192 3409 1396 3498 perniciosis-

208 3533 279 3598 simi
308 3531 403 3598 moris
431 3551 549 3596 uorum
575 3529 754 3618 exemplum
778 3529 1026 3596 animadvertere
1049 3529 1123 3595 licet
1145 3529 1179 3596 in
1203 3529 1242 3594 fr.
1269 3530 1315 3596 lv
1337 3531 1398 3599 ubi

208 3655 242 3718 in
261 3653 381 3718 rerbis:
408 3655 446 3724 ὡς
459 3654 623 3726 τῆςαύτιῖς
641 3649 794 3724 κολοίσεοις
818 3650 1046 3729 γενομένης
1069 3651 1111 3732 τῷ
1133 3652 1397 3735 παραγενομένῳ,

209 3772 264 3838 ubi
294 3773 498 3852 γενησομένης
522 3771 560 3838 tle
583 3793 617 3838 re
640 3771 746 3836 futura
770 3795 878 3838 rerum
902 3793 968 3838 esse
992 3793 1085 3836 nemo
1106 3791 1199 3836 sanus
1219 3769 1395 3840 dubitabit.

252 3892 290 3958 lu
312 3892 351 3960 lr.
378 3891 439 3956 Vll
463 3892 583 3980 corrige
606 3893 693 3971 μέγα
715 3890 918 3972 antevertat
940 3914 997 3980 pro
1019 3889 1153 3970 μέγαλοο
1170 3891 1396 3970 βλοίττεσίαι,

208 4025 259 4092 et,
296 4011 379 4100 quod
413 4011 512 4077 lerius
543 4011 640 4078 rideri
661 4015 775 4102 possit,
800 4014 832 4078 iu
857 4013 895 4077 fr.
924 4012 952 4077 X
977 4025 1008 4077 et
1032 4011 1107 4076 alibi
1129 4025 1310 4079 constanter
1331 4037 1394 4102 pro

207 4134 266 4202 δύο)
296 4132 512 4222 reponendum
543 4145 589 4198 est
617 4134 678 4200 δυό.
728 4133 858 4199 Gravius
887 4145 1034 4222 corrupta
1065 4146 1138 4198 suut
1161 4134 1273 4200 ultima
1296 4133 1398 4202 rerba

207 4256 246 4322 fr.
262 4255 326 4322 xl:
352 4252 526 4338 σφοίζονσαι
551 4255 576 4318 δ’
600 4256 658 4320 ὑπὸ
682 4255 822 4332 Ἀμίλκα
845 4259 898 4320 τοῦ
922 4254 1027 4336 Βοίρκοι
1043 4255 1271 4342 [στρατηγοῦ],
1295 4252 1326 4330 ὃς
1340 4259 1399 4324 καί

208 4378 238 4442 ἐν
265 4378 397 4462 Σικελία
427 4377 460 4442 εί
468 4401 483 4449 ς
515 4375 585 4449 τοὺς
617 4377 782 4454 Ῥωμαίους
812 4375 954 4457 ἀνδρικῶς
983 4376 1179 4456 ἐκρατύνατο.
1229 4375 1312 4442 Nam
1336 4403 1399 4469 pro

208 4498 251 4568 είς
276 4499 446 4586 requiritur
465 4497 537 4578 πρὸς
557 4509 588 4562 et
610 4508 680 4584 post
699 4497 884 4576 ἐκρατύνατο
905 4494 1053 4562 excidisse
1075 4497 1198 4563 ridetur
1216 4500 1271 4574 την
1289 4500 1400 4582 ἀρχὴν

210 4617 272 4680 sire
295 4617 338 4682 τοὶ
360 4618 541 4700 πράγματα
566 4615 614 4684 rel
638 4614 722 4682 aliud
747 4616 823 4706 quid
840 4618 872 4684 in
891 4616 1028 4684 eundem
1045 4641 1169 4686 sensum
1176 4641 1184 4700 ;
1210 4619 1268 4686 uisi
1288 4624 1404 4708 potius
