2944 5002
778 319 820 380 78

202 503 417 583 κρατήσαντας
453 500 572 585 ὕστερον
607 503 872 584 πλουσιωτέρους
908 502 1045 578 troium
1081 525 1162 591 quae
1190 501 1234 568 sio
1264 502 1377 592 soripta

201 624 313 690 misere
343 625 514 715 languent,
545 647 620 690 nam
651 624 833 714 quicunque
864 647 917 690 rer
947 624 1042 690 etiam
1072 645 1136 688 non
1167 621 1256 689 valde
1293 622 1379 690 dives
1467 677 1468 702 ,

201 745 373 834 antiquitus
403 745 607 824 vincebatur,
636 747 788 812 dotorem
820 768 913 812 suum
948 743 1098 810 reddebat
1131 742 1296 822 ditiorem,
1322 742 1379 808 sed
1467 773 1468 806 ι

75 937 83 947 ,
200 865 329 932 Perseus
364 867 462 933 rietus
497 866 694 932 ditissimos
728 864 882 942 reddidit,
916 877 952 932 ut
975 876 1086 932 notum
1109 876 1177 943 est,
1203 863 1375 943 Romanos,
1467 939 1468 972 r

200 1007 297 1075 quare
327 1011 436 1054 rerum
466 987 608 1054 ridetur:
640 1026 686 1038 —
714 985 991 1059 πλουσιωτάτους
1022 986 1154 1060 ἐποίησε.
1201 984 1239 1052 Ιιι
1262 985 1380 1052 vicinia

199 1107 292 1174 simul
315 1109 436 1197 corrige
458 1108 625 1186 ἠίίλκτεν,
649 1120 684 1174 ut
708 1107 783 1173 alibi
806 1120 891 1174 reote
903 1107 1019 1198 legitur
1030 1105 1113 1196 apud
1133 1117 1296 1184 nostrum,
1317 1127 1378 1194 pro

198 1227 363 1307 ἐθέλητον,
387 1241 419 1296 ot
440 1229 474 1295 in
497 1229 563 1319 ipso
586 1229 723 1318 exoerpti
745 1229 829 1306 fine,
855 1251 965 1296 rerooa
988 1228 1065 1296 duas
1088 1228 1208 1294 litteras
1230 1225 1378 1315 lugitiras

198 1348 413 1415 resonbendo:
433 1349 450 1426 ἢ
467 1349 518 1416 καί
540 1351 696 1430 κρατήσας
715 1352 773 1416 τοῖιν
793 1346 868 1418 ίλων
882 1348 1019 1428 ίξουσίαν
1037 1347 1107 1438 (ίαν)
1129 1347 1319 1430 ὑπερήφανον
1331 1384 1378 1396 -

197 1471 442 1550 περιεποιήσατο.
1467 1543 1468 1564 2

243 1589 296 1654 ur.
335 1589 397 1656 XII
424 1601 527 1678 spreta
558 1601 604 1654 est
633 1611 730 1679 prope
760 1591 858 1656 linem
886 1591 1023 1680 excerpti
1053 1587 1227 1656 necessaria
1257 1585 1378 1654 lleislii

198 1708 392 1776 emendatio:
418 1709 471 1774 καί
495 1711 520 1776 ον’
543 1711 598 1785 τὴν
621 1711 823 1791 παρεμβολὴν
845 1709 970 1792 ἔχοντες
993 1711 1059 1778 ἐπί
1082 1716 1174 1782 ταῖς
1198 1709 1376 1790 exponet·

197 1853 258 1916 αις
281 1854 339 1921 pro
360 1829 411 1896 ίπί
435 1829 494 1902 τίοι
517 1832 692 1912 οὶκρωρείιις.

242 1951 280 2018 In
309 1952 349 2017 tr.
376 1951 455 2018 XIII
477 1952 589 2018 maluit
612 1953 774 2020 Bellerus
798 1952 966 2020 abromum
987 1953 1155 2020 lectionem
1179 1951 1300 2032 πικρίας
1324 1971 1377 2014 re·

195 2073 296 2139 tinere
330 2095 425 2162 quam
448 2074 608 2162 reoIpere,
645 2073 729 2162 quod
764 2074 857 2140 Mull.
892 2075 955 2140 iam
990 2072 1157 2140 undecimo
1189 2094 1272 2138 anno
1303 2081 1378 2136 ante

196 2191 399 2260 emendatum
430 2192 589 2272 ediderat,
623 2195 731 2274 πυρίας
762 2195 796 2260 in
819 2193 939 2260 uerbis:
966 2192 1169 2274 ἐξαλλόμενος
1194 2193 1228 2258 ίκ
1250 2200 1304 2268 τιῑο
1326 2215 1377 2256 τι·
1467 2233 1468 2288 4

197 2311 282 2394 κρίας
305 2313 357 2377 καί
381 2313 501 2386 παίσας
524 2312 575 2378 τὸν
598 2316 690 2394 μωρὸν
713 2315 856 2392 ἒμπαίῶς
879 2315 944 2381 uri.
1467 2389 1468 2416 r

242 2432 295 2497 lu.
320 2432 396 2498 XIV
416 2432 508 2520 (Xllz
538 2435 663 2501 Νίκωνα
685 2436 742 2514 μὲν
763 2435 814 2502 τὸν
834 2433 1284 2518 ίιισαυροφίλακαίξίπεμψε,
1306 2457 1378 2500 συν·

195 2550 295 2630 πνίξας
314 2554 370 2628 τίνι
392 2555 423 2618 ἐν
441 2553 484 2635 τιῖι
505 2551 596 2637 ortuo
612 2553 717 2636 γοίζαν
740 2555 804 2620 καί
828 2557 877 2622 τοὶ
907 2556 1096 2638 χρήματα
1126 2553 1376 2632 καταποντίσαι,

195 2673 377 2756 ἸΑνδρίνιιιον
407 2674 439 2740 δὲ
467 2673 518 2740 τὸν
537 2674 810 2758 ,σωματοφύλακα
838 2677 880 2750 είς
909 2676 1152 2751 Θισσαλονίκιιν,
1175 2671 1376 2750 συντάξας

195 2795 350 2874 ἐμπρῆσαι
384 2795 427 2860 τοὶ
460 2796 564 2874 νεώρια
598 2797 653 2871 τὴν
685 2797 852 2878 ταχίστην.
900 2796 968 2863 Nisi
999 2794 1131 2862 verbum
1154 2793 1281 2884 aliquod
1305 2802 1377 2883 p‘ost

196 2913 300 2994 νοίζαυ
322 2913 469 2981 excidisse
492 2927 666 2994 statuatur,
689 2917 863 2984 necessario
886 2915 1019 2984 delenda
1042 2928 1116 2982 sunt
1138 2915 1198 2982 triu
1220 2913 1376 2980 rooabula

195 3035 247 3102 καί
271 3035 313 3102 τοί
335 3035 489 3118 χρήματα
514 3047 624 3126 utpote
646 3049 719 3103 nata
742 3061 779 3104 er
801 3038 1079 3127 interpretamento
1110 3036 1186 3104 olim
1217 3035 1375 3126 adscripto

195 3157 234 3222 ad
261 3155 375 3238 νιίζαν.
422 3156 588 3222 Praeterea
607 3157 749 3225 ‘alterum
772 3159 973 3248 perticipium
995 3156 1150 3234 συντοίξας
1176 3156 1281 3224 abesse
1304 3179 1375 3224 ma·

194 3277 262 3343 lim.
311 3275 372 3341 Vel
401 3276 490 3366 peius
519 3276 664 3344 labomut
692 3280 873 3368 sequentia:
907 3275 939 3352 ὃς
969 3277 1104 3357 γευκίείς
1135 3277 1242 3344 τούτου
1275 3283 1376 3361 Φρονι·

194 3399 326 3480 μαἰτερος
356 3393 443 3472 ἦλίον
474 3399 517 3470 είς
548 3399 789 3476 Θεσσαλονίκκν,
821 3402 854 3466 οὐ
875 3401 937 3478 μίρν
960 3400 1080 3474 ἐποίησε
1103 3399 1138 3464 τί
1162 3399 1375 3480 προσταχθὲν,

193 3519 319 3602 νομίζων
341 3519 476 3600 φίλιον
498 3526 561 3593 τοῖς
585 3515 663 3593 ὅλοις
686 3527 808 3601 κρατεῖν
831 3521 1002 3599 Ῥωμαίοις.
1044 3519 1135 3586 Certa
1155 3517 1377 3587 emendatione

195 3640 386 3730 reposueris:
412 3641 445 3706 οὐ
467 3641 527 3718 μὴν
551 3639 671 3716 ίποίνσί
693 3664 741 3720 γε
764 3640 799 3706 τὸ
823 3641 1025 3722 προσταχθέν.
1066 3639 1158 3726 Quod
1180 3638 1219 3705 ad
1240 3663 1376 3730 sequen·
1467 3705 1468 3708 ,

194 3761 239 3826 tia
261 3760 355 3826 rerba
379 3761 510 3838 attinet,
534 3761 705 3828 dolendum
729 3775 775 3828 est
798 3785 902 3852 neque
925 3761 1009 3852 apud
1032 3761 1273 3850 litiumneque
1289 3760 1375 3851 apud

194 3879 379 3968 Polybium,
405 3881 460 3970 qui
479 3880 514 3946 h.
539 3881 562 3948 l.
587 3881 715 3963 delicit,
739 3882 779 3950 de
803 3881 982 3948 Andronico
1006 3881 1199 3948 mentionem
1220 3881 1308 3960 lieri,
1329 3881 1376 3946 ita
1467 3965 1468 3974 ἵ

193 4002 300 4066 utrix
324 4013 407 4068 oerta
431 4003 611 4069 oonieotura
634 4005 737 4070 senari
761 4016 888 4094 queant.
936 4003 970 4070 Si
993 4004 1056 4070 looi
1078 4003 1267 4070 sententiam
1287 4013 1377 4070 recte

192 4122 351 4200 intellexi,
394 4145 431 4189 ea
470 4124 515 4190 sio
557 4123 623 4191 fere
660 4125 721 4192 luit
755 4123 967 4192 enuntianda:
1005 4123 1131 4206 νομίζων
1166 4122 1375 4206 ὠφέλιμον

194 4243 280 4332 (πρὸς
310 4243 359 4331 τὸ)
390 4251 453 4317 τοῖς
484 4239 564 4318 ὅλοις
595 4254 717 4326 κρατεῖν
740 4247 916 4326 Ῥωμαίοις,
939 4247 961 4312 i.
986 4270 1015 4312 e.
1041 4269 1108 4310 ωονι
1132 4252 1295 4310 executus
1318 4252 1374 4308 est
1467 4253 1468 4256 ’

192 4371 287 4454 regis
312 4363 514 4430 mandatum
539 4364 717 4442 Romanis,
731 4368 782 4433 ad
803 4372 976 4458 integram
998 4369 1181 4432 victoriam
1206 4365 1248 4430 id
1269 4387 1373 4455 espe-

192 4484 271 4548 dire
301 4495 414 4552 ratus.
464 4485 608 4552 Reislrius
638 4487 743 4554 neseio
773 4509 836 4577 quo
867 4511 960 4554 sensu
990 4510 1048 4577 pro
1070 4487 1173 4570 φίλιοι
1197 4486 1373 4576 suspicatus
1467 4499 1468 4504 ’

192 4615 237 4669 est
259 4604 393 4674 κοίλλιον.
442 4608 584 4675 Fortasse
605 4620 710 4675 tamen
729 4608 903 4676 suffecerit:
931 4606 1056 4688 νομίζων
1079 4603 1284 4691 ὠφέλιμον
1307 4613 1372 4679 τοῖς
1467 4589 1468 4652 Ῐ
