2932 5004
667 325 708 384 83

88 510 122 590 ρί
130 509 215 590 ζειν
239 509 297 582 είς
320 510 375 584 την
399 508 555 588 Ῥωμαίων
580 509 693 574 πίστιν.
727 505 927 586 Videndum,
954 519 1060 574 utrum
1084 507 1106 572 l.
1133 529 1165 572 n.
1191 508 1274 576 inse·

89 651 156 696 rere
185 629 323 696 sufficiet
351 629 444 700 δίντα
466 629 529 709 μη,
554 651 594 695 on
618 651 692 698 usus
714 627 844 700 Iiiodori
867 627 1008 716 requiret
1032 629 1163 697 uerbum
1186 650 1274 694 com-

91 751 228 840 positum
259 749 455 833 παραδίντα,
488 761 523 822 ut
556 749 703 817 scribitur
732 748 755 815 l.
790 749 813 816 l.
863 746 994 819 Certum
1020 749 1133 817 deinde
1157 761 1271 816 estus.

93 877 131 938 13
161 871 381 961 reponendum
412 893 497 940 esse:
531 870 670 953 καίοίπερ
699 871 769 946 τοὺς
792 871 861 940 ἐπί
884 878 943 938 τῶν
966 871 1164 953 δικαστηρίων
1187 895 1274 936 runo·

88 991 212 1072 Φιίοτοιι
246 993 331 1069 τοτὲ,
367 992 423 1060 ubi
455 1015 512 1082 pro
546 992 597 1058 ε’πί
633 992 780 1082 vulgetur
813 992 899 1072 οίοιδ,
935 991 1019 1080 quod
1043 991 1119 1058 ferri
1144 992 1272 1064 omnino

93 1113 211 1200 nequit.

134 1233 185 1300 tr.
221 1232 312 1298 XXV
340 1232 427 1320 (XX)
459 1233 556 1302 inin:
587 1229 799 1312 indicitur
823 1234 837 1300 d
861 1239 1054 1314 Ῥωμαῖος
1079 1235 1274 1315 παραλαβὼν

88 1353 145 1426 τὶς
178 1352 335 1432 δυνάμεις.
383 1353 546 1422 vmmuta
581 1354 595 1418 ὁ
631 1352 781 1432 Ῥωμαίος
813 1353 852 1420 de
882 1375 938 1422 suo
966 1353 1120 1421 addidisse
1151 1355 1274 1422 uidetur

87 1474 285 1563 epitomator.
334 1472 488 1542 Diodorus
519 1484 604 1545 certe
627 1473 817 1562 scripsisset:
843 1475 937 1542 ίτῶν
960 1476 1117 1558 Ῥωμαίων
1140 1501 1271 1558 οτρατη·

7 1593 546 1684 tmfflQfflmffli

132 1715 294 1786 Articulus
322 1717 450 1805 periisse
476 1715 600 1784 ridetur
622 1716 656 1784 in
678 1716 718 1784 [τ.
745 1715 852 1786 xxix
877 1717 968 1805 (XXI
992 1715 1016 1806 δ
1043 1718 1097 1805 lsi:
1124 1719 1271 1800 οίπεκρίίη

88 1837 165 1914 μήτε
208 1837 261 1904 τίν
298 1836 412 1914 κίομον
455 1839 513 1904 ὑπὸ
552 1837 630 1904 δυεῖν
668 1837 760 1914 ἡλίκον
798 1835 942 1906 δύνασθαι
983 1838 1155 1906 διοικεῖσθαι
1189 1841 1272 1920 μήτε

90 1955 183 2044 (την)
225 1957 397 2035 οίκονμίνην
440 1959 498 2026 ὑπὸ
540 1958 620 2028 δυεῖν
661 1958 763 2034 ἡλίων.
821 1958 911 2028 Idem
947 1959 1116 2029 Alexandri
1150 1961 1273 2032 dictum

89 2078 181 2144 reicrt
215 2077 309 2148 Diod.
348 2078 440 2146 xvrt
476 2076 499 2167 S
537 2083 556 2146 4
591 2078 635 2146 sic
666 2077 820 2146 scribens:
854 2081 893 2154 cie
925 2079 985 2146 οὔθ’
1016 2080 1030 2146 d
1061 2079 1173 2160 κίομος
1194 2081 1274 2150 δυοῖν

91 2199 177 2274 sindus
208 2198 299 2266 ὄντων
329 2207 458 2279 τηριῑυαι
487 2199 616 2268 δύναται
644 2200 700 2274 την
723 2199 802 2268 ίδίαν
825 2199 1026 2280 διακίομηοιν
1047 2227 1082 2270 τε
1105 2204 1158 2269 καί
1181 2202 1272 2281 τοίξιν

87 2318 144 2386 οὔδ’
170 2322 188 2396 ἡ
210 2319 366 2400 οἰκουμένη
391 2319 468 2388 δυοῖν
491 2319 646 2399 βασιλέων
669 2321 803 2403 ἐχόντων
827 2323 881 2397 τὴν
905 2323 1072 2402 ἡγεμονίαν
1100 2324 1273 2408 οίταριίχιοο

7 2477 9 2510 ι
88 2439 139 2506 καί
161 2439 384 2514 ιὶοταοιοίοτυς
408 2439 559 2518 διαμένειν
582 2439 621 2509 ίιν
645 2441 778 2511 δύναιτο.
848 2411 854 2424 Ι

131 2560 193 2628 Sed
224 2561 423 2630 redeundum
450 2561 491 2626 ed
508 2562 549 2628 fr.
575 2561 683 2630 XXVI
706 2562 796 2652 (xxl
820 2567 838 2648 §
865 2561 915 2650 l),
940 2564 996 2630 ubi
1018 2565 1140 2632 editur:
1168 2569 1273 2646 ἐταμ·

89 2681 269 2762 νειλοίμενοι
304 2679 353 2750 οὖν
386 2683 656 2758 οὶντιοτιίοειν
690 2690 753 2757 τοῖς
781 2683 926 2752 οίποδοῖιοι
958 2683 1061 2762 τιμήν.
1108 2685 1268 2755 luceretur

85 2804 234 2870 articulus
267 2805 459 2874 necessarius
492 2816 564 2872 onte
598 2803 712 2883 τιμίου,
749 2826 858 2875 uerum
890 2805 951 2872 elio
986 2827 1079 2874 cause
1110 2819 1174 2887 est,
1211 2831 1269 2874 cur

87 2924 162 2992 hoec
191 2924 288 2995 serbe
319 2924 545 3014 adscripserim.
603 2923 758 2992 Videlicet
785 2925 963 2994 ιίνίιοτιίναι
987 2965 1032 2978 -
1054 2929 1147 3008 τιμην
1182 2944 1268 3004 recte

89 3045 204 3112 Graece
214 3044 279 3112 dici
290 3046 415 3134 nequit3
432 3044 559 3112 Graecis
571 3047 657 3112 enim
669 3047 702 3110 in
715 3069 751 3111 eo
764 3069 798 3112 re
809 3060 960 3137 perpetue
973 3061 1046 3117 suut
1058 3050 1153 3119 rerba
1169 3077 1267 3120 κατα·

7 3189 8 3208 ι
86 3165 217 3242 βάλλειν
245 3179 276 3232 et
303 3165 510 3232 κατατιίέναι.
558 3166 671 3255 Neque
703 3179 810 3234 tumen
833 3181 998 3258 propterea
1022 3171 1180 3262 vulgatam
1204 3175 1268 3240 sol-

87 3288 290 3366 licitaverim,
313 3287 411 3376 idque
429 3287 471 3352 ob
494 3310 621 3354 censam
645 3311 741 3377 quum
760 3289 875 3358 dicum.
909 3291 1103 3374 Diodorum,
1129 3296 1183 3384 qui
1203 3297 1268 3383 ipsc

87 3410 119 3473 in
141 3409 242 3499 operis
261 3409 455 3498 praefatione
476 3409 518 3497 (c.
535 3407 567 3496 4)
592 3410 776 3498 profitetur,
801 3435 832 3478 se
857 3413 907 3480 tot
923 3415 978 3489 την
990 3413 1149 3494 ἐπιμιξίαν
1162 3424 1224 3490 τοῖο
1236 3419 1267 3484 do

85 3539 121 3610 τῇ
140 3532 215 3612 νήσῳ
237 3530 356 3604 πολλὴν
378 3530 539 3610 ἐμπειρίαν
559 3538 614 3606 τῆς
635 3533 790 3610 Ῥωμαίων
814 3533 974 3600 διαλέκτου
993 3540 1244 3616 περιπεποιηοίνιι
1255 3587 1264 3616 ,

7 3685 9 3716 ι
86 3649 167 3716 houd
189 3651 233 3716 ito
255 3673 327 3715 raro
349 3649 583 3740 imprudentem
606 3653 780 3720 cretionem
802 3675 864 3740 qun
888 3653 987 3718 utitur
1011 3654 1164 3722 Graecum
1184 3656 1265 3724 idio·

7 3823 9 3836 ,
87 3771 179 3836 tismis
209 3771 330 3837 Latinis
357 3773 551 3862 corrupisse,
581 3795 630 3838 res
657 3785 703 3839 cst
734 3795 838 3861 neque
865 3774 971 3862 ignoto
1002 3797 1107 3865 neque
1138 3777 1178 3842 nd
1208 3778 1266 3846 de·

87 3889 334 3981 monstrandum:
362 3892 560 3960 difficillimo.
612 3894 691 3979 Quin
734 3916 807 3962 vero
837 3894 969 3962 verbum
1000 3896 1156 3966 Graccum
1186 3903 1266 3970 οίνίι-

86 4011 212 4093 κτείνοι,
248 4016 273 4082 si
306 4015 372 4082 eins
407 4015 666 4105 compositionem
689 4029 832 4106 spectes,
864 4015 902 4082 od
926 4020 1074 4088 amussim
1097 4025 1264 4111 respondet

89 4134 177 4200 uerbo
207 4135 322 4202 Latino
353 4135 562 4226 repondere,
599 4137 699 4226 gravis
726 4160 778 4204 me
812 4149 899 4204 tenet
933 4141 1085 4230 suspicio,
1121 4158 1263 4215 nostrum

86 4255 249 4326 ionouium
285 4257 430 4326 Latinam
462 4257 652 4348 rependere
672 4263 829 4348 pretinm
853 4260 887 4324 in
910 4283 1090 4330 sermonem
1111 4287 1264 4332 remecu-

7 4413 8 4416 =
87 4375 150 4444 tum
173 4379 366 4446 transtulisse
388 4401 446 4468 per
467 4376 646 4446 οὶνίιοτιίναι
667 4380 721 4454 την
744 4381 847 4460 τιμην.

131 4499 182 4568 nr.
209 4497 331 4567 XXVII
355 4499 484 4566 ineunte
507 4498 629 4566 soloece
645 4499 807 4566 scribitur:
828 4497 873 4568 dre
895 4503 910 4568 ὁ
929 4505 1062 4586 Περσεὺς
1082 4505 1124 4570 τὰ
1142 4505 1264 4577 δοθέντα

987 4627 1016 4674 ιο
1032 4623 1044 4653 ο
