2944 5002
791 331 829 394 16

261 519 347 603 Quos
371 513 550 595 Beikerum
575 528 758 606 praeeunte,
785 515 940 595 Muliero,
964 519 1125 584 constituit
1149 519 1211 586 sic:

322 638 402 718 μηδέ
423 661 452 705 τι
475 636 635 718 βουλεύειν
656 637 728 720 τῇδε
752 636 842 703 πώλει
858 687 865 703 .
882 688 889 701 .
906 687 937 703 ..

210 762 340 828 sortasse
363 784 427 825 non
451 759 546 840 melc;
574 781 648 826 nam
673 759 775 847 potuit
798 759 832 823 in
856 758 920 824 fine
943 758 1092 825 excidisse
1115 784 1144 826 r.
1171 783 1199 826 c.
1224 760 1397 842 βλαβερόν.

254 881 324 972 lpse
347 881 561 954 conieceram:

341 1003 414 1081 μηδ’
438 1001 648 1081 ἐπιβουλεύειν
674 999 822 1088 (μήποτε)
847 1000 920 1084 τῇδε
943 1001 1044 1067 πώλει.

254 1123 404 1190 Mancum
424 1136 471 1188 est
489 1123 601 1212 fragm.
626 1121 734 1188 xvffl
760 1121 881 1209 (XVII)
905 1123 1048 1188 initium:
1076 1119 1121 1188 ὅτι
1143 1122 1313 1203 Περδίκκας
1337 1123 1398 1196 την

206 1245 285 1310 ἰδίαν
317 1245 485 1326 βασιλείαν
515 1241 649 1320 αὐξῆσαι
684 1242 869 1324 βουλόμενος
902 1243 1050 1326 ἠρώτησεν
1080 1245 1123 1318 εἷς
1149 1245 1306 1326 Δελφούς·
1327 1247 1345 1318 ἡ
1368 1237 1395 1308 δ’

206 1363 267 1448 ἔφη
302 1366 380 1432 κτὲ..
429 1363 668 1456 Supplendum:
706 1363 855 1446 ἠρώτησεν
886 1366 929 1438 εἰς
952 1365 1098 1446 Δελφοὺς
1125 1365 1299 1453 (πέμψαρ)·
1324 1367 1341 1440 η
1368 1363 1396 1429 δ’

206 1485 267 1569 ἔφη
286 1487 364 1564 xri„
394 1484 661 1576 quemadmodum
682 1485 799 1575 legitur
819 1486 852 1551 in
870 1485 942 1551 libr.
958 1485 1037 1552 v111
1055 1486 1093 1552 fr.
1110 1489 1163 1551 14:
1186 1483 1335 1567 ἔπεμψαν
1348 1487 1396 1558 εἷς

205 1605 364 1690 Δελφούς·
387 1610 405 1682 ἦ
429 1608 461 1672 δὲ
486 1605 636 1688 ἔχρησεν,
658 1606 713 1672 ubi
732 1609 975 1697 exspectaveris:
1003 1607 1072 1683 ἠδὲ
1095 1607 1220 1696 (Πυθία)
1242 1605 1395 1688 ἔχρησεν,

205 1751 301 1819 quern
325 1725 495 1792 admodum
517 1727 633 1817 legitur
645 1751 674 1792 r.
690 1749 719 1794 c.
734 1729 773 1792 ir.
787 1733 820 1794 9:
845 1732 862 1805 ἡ
886 1728 917 1794 δὲ
940 1728 1039 1794 Πυθία
1058 1730 1179 1794 ἀνεῖλεν
1197 1724 1290 1800 οὕτως
1307 1729 1394 1808 νιτὲ.,

203 1862 235 1916 et
258 1849 334 1914 alibi
357 1871 460 1938 saepe.
493 1847 581 1914 Idem
600 1871 674 1914 roro
698 1848 928 1914 substantivum
952 1869 1058 1914 rursus
1081 1849 1237 1914 omittitur
1259 1849 1293 1914 in
1317 1847 1396 1914 libri

203 1970 282 2036 VIII
312 1971 423 2060 fragm.
456 1973 499 2036 26
527 1993 571 2035 rs.
606 1971 666 2034 16:
700 1967 886 2050 πέμψαντες
919 1971 962 2042 εἷς
999 1969 1145 2051 Δελφούς
1179 1971 1337 2050 ἐπηρώτων
1363 1972 1391 2035 si

203 2091 319 2159 diducto
340 2093 444 2162 αὐτοῖς
466 2091 521 2164 την
534 2089 712 2158 Σικυωνίαν·
738 2090 801 2164 ηδ’
822 2087 882 2171 ἔφη
900 2091 978 2158 reri..

594 2329 693 2395 ΑΒΝ.
721 2329 777 2394 ΑΙ)
801 2329 883 2396 LIB.
910 2329 999 2396 v111.

247 2575 367 2640 littera
386 2599 412 2650 ι,
434 2571 551 2640 lineola
574 2593 667 2661 supra
692 2571 882 2638 vocabulum
905 2571 1063 2652 indicata,
1088 2573 1200 2640 fefellit
1222 2574 1392 2642 librarium

201 2697 234 2761 in
258 2695 370 2784 fragm.
394 2694 439 2760 vl
461 2691 598 2781 (1v§2)
621 2692 694 2758 libr.
710 2691 809 2770 v111,
830 2693 886 2758 ubi
906 2694 1024 2760 Remus
1043 2695 1132 2761 fratri
1143 2695 1275 2762 irridens
1287 2697 1394 2764 fertur

201 2815 330 2894 dixisse,
350 2815 443 2880 nimis
461 2826 627 2904 angustam
647 2835 713 2878 esse
726 2835 823 2901 quern
836 2813 979 2878 Palatino
991 2814 1105 2879 fossam
1117 2816 1391 2898 circumdederat,

201 2939 333 3018 εὐχερῶς
355 2937 418 3016 γαρ
443 2935 669 3017 ὑπερβήσεσθαι
693 2936 763 3004 τοὺς
786 2935 972 3012 πολεμίους,
994 2935 1046 3001 καὶ
1071 2937 1134 3016 γὰρ
1157 2937 1250 3009 αὐτὸς
1279 2939 1393 3020 ῥαδίως

199 3061 289 3124 τοῦτο
312 3055 442 3138 πρώξει,
466 3056 521 3122 ubi
541 3079 605 3122 non
616 3055 760 3146 pluribus
772 3053 852 3120 mihi
863 3054 1143 3121 demonstrandum
1155 3079 1221 3122 esse
1239 3059 1392 3140 confido,
1465 3033 1466 3042 i

200 3201 257 3268 pro
278 3175 387 3259 πράξει
412 3178 530 3266 requiri
551 3177 768 3254 infinitivum,
793 3177 900 3264 itaque
920 3173 1047 3257 πρώξειν
1068 3177 1284 3268 reponendum
1305 3203 1390 3248 esse.

246 3299 438 3388 Praepositio
462 3299 492 3362 ἐν
516 3295 649 3362 delenda
672 3297 796 3362 ridetur
818 3298 851 3362 in
871 3296 1011 3362 eiusdem
1031 3297 1103 3362 libri
1115 3299 1227 3388 fragm.
1242 3299 1269 3364 X
1282 3323 1326 3366 rs.
1343 3306 1389 3368 21
1464 3367 1465 3391 ἢ

203 3419 322 3508 (Vlli):
348 3421 386 3491 ώς
417 3417 604 3498 βιασόμενος
627 3417 678 3484 τὸν
707 3418 763 3505 [ἐν]
791 3417 898 3500 χώριτι
922 3418 974 3482 καὶ
994 3418 1093 3495 δεήσει
1112 3420 1156 3497 μη
1176 3421 1393 3493 ὑπακούοντα.

200 3541 327 3608 Maioris
341 3562 412 3605 rero
425 3539 577 3606 momenti
590 3551 636 3604 est
649 3540 816 3605 correxisse
829 3539 994 3604 ridiculam
1007 3538 1193 3620 lectionem,
1208 3565 1270 3631 qua
1283 3544 1394 3612 offen-

199 3661 257 3726 dor
275 3664 308 3726 in
325 3662 436 3750 fragm.
452 3661 513 3726 XII
532 3660 587 3748 (x)
602 3683 708 3725 versus
721 3660 837 3739 finem,
859 3659 914 3725 ubi
926 3659 1071 3750 legimus:
1092 3663 1105 3726 ὁ
1124 3663 1148 3725 δ’
1167 3664 1394 3745 Ἀριστομένης
1463 3645 1464 3690 ³

199 3781 350 3864 ώρώμενος
374 3783 467 3846 αὐτὸν
480 3781 546 3844 ἐπὶ
567 3785 631 3844 τοῦ
653 3781 840 3858 σώματος
864 3781 1095 3860 ώπώνεχιιενείι
1109 3784 1163 3858 την
1176 3784 1277 3850 πόλιν.
1301 3787 1394 3872 Quid

200 3903 398 3992 requiretur,
423 3899 549 3965 docebit
571 3901 642 3989 pius
656 3900 794 3980 Aeneas,
817 3903 872 3990 qui
891 3903 924 3966 in
944 3901 1017 3967 libri
1031 3903 1093 3968 VII
1105 3905 1216 3993 fragm.
1231 3906 1263 3972 II
1275 3929 1396 3976 narra-

200 4038 252 4090 tur
272 4045 290 4086 a
309 4019 456 4086 Diodoro:
480 4022 530 4085 τὸν
547 4019 669 4100 πατέρα
681 4021 882 4101 γεγηρακότα
894 4022 1020 4093 τελείας
1034 4023 1081 4110 (Ιι.
1091 4025 1217 4114 τελέως)
1230 4027 1394 4108 ἀρώμενος

200 4145 266 4211 ἐπὶ
299 4143 390 4215 τοὺς
422 4142 442 4204 ώ
450 4164 546 4218 μους
578 4138 762 4218 ἐξενεγκεῖν.
800 4141 889 4208 Idem
908 4143 1005 4232 igitur
1023 4144 1131 4210 iecisse
1154 4144 1396 4222 Aristomenem

199 4265 396 4358 putaverim,
428 4263 488 4328 nisi
512 4263 581 4351 quis
605 4284 718 4326 noram
742 4263 888 4351 portandi
910 4263 1096 4330 methodum
1119 4268 1220 4332 sirum
1245 4267 1285 4334 do
1304 4277 1395 4340 ami·
1461 4251 1462 4268 ξ

201 4409 238 4452 co
269 4400 301 4451 et
334 4385 374 4451 de
404 4407 477 4473 rege
500 4405 556 4448 suo
580 4384 698 4472 optime
721 4385 869 4449 meritum
893 4385 1083 4475 excogitasse
1105 4388 1195 4454 malit
1219 4392 1395 4481 suspicari.

201 4505 346 4572 Ceterum
394 4513 740 4572 ΕΠΙΤΟΤΟΩΜΟΥΟ
779 4505 853 4569 olim
890 4505 971 4570 male
1005 4507 1138 4576 dirisum
1175 4512 1207 4576 in
1243 4513 1294 4578 ἐπὶ
1333 4525 1396 4586 τοῦ
1460 4499 1461 4564 3

203 4629 338 4704 σώμονι,
362 4628 394 4689 in
419 4626 469 4692 ἐπὶ
493 4631 546 4691 τοῦ
570 4626 710 4704 σώματος
737 4624 846 4690 abiisse
872 4625 966 4692 rides.
