2944 5002
639 337 681 398 29

93 525 156 603 ire,
190 525 243 590 uhi
278 523 405 614 supple:
444 521 610 604 διαφθορὰν
645 522 760 599 οίνεννῆ
802 522 856 584 τοῦ
898 519 1040 600 σώματος
1082 523 1134 588 καί
1171 523 1251 612 (τῆς)

93 653 187 728 trata

125 765 257 832 violatur
291 779 323 831 et
357 765 561 855 grammatica
593 763 712 829 Graeca
748 774 779 828 et
814 785 920 829 seusus
951 765 984 828 in
1019 764 1058 830 ir.
1093 765 1173 841 XII,
1197 765 1254 831 ubi

94 888 216 977 legimus:
251 893 323 952 πῶν
354 885 385 952 rt
409 889 477 952 καθ’
500 889 585 965 ἡμᾶς
609 883 638 950 εί
659 908 706 956 τις
728 885 985 966 ἀπαγορεύσειεν
1008 922 1053 934 -·
1075 887 1254 954 dereiner

94 1009 132 1082 οίρ
156 1007 345 1091 Φιλοσοφίαν
372 1008 543 1090 φήσαντες.
593 1003 722 1096 Corrige
753 1005 860 1070 sodes:
890 1005 1087 1071 οίπείποιεν
1115 1004 1161 1074 ι’ίν
1191 1010 1254 1074 xri.

95 1126 140 1192 Sed
166 1141 329 1218 praeterea
352 1129 499 1218 requiror
524 1129 619 1202 ποὺς
643 1127 674 1192 δὲ
697 1129 765 1192 καί
790 1130 875 1206 ἡμᾶς
899 1127 927 1192 εί
949 1150 995 1200 τις
1020 1127 1257 1209 διαγορείσειεν

94 1251 141 1313 κοί.
167 1251 189 1314 i.
226 1273 256 1314 e.
296 1254 412 1315 nostri
444 1271 526 1313 uero
561 1251 641 1313 oevi
668 1249 898 1338 philosophos
933 1251 968 1312 εί
998 1251 1078 1336 quis
1110 1252 1259 1314 iusserit

94 1370 247 1435 obstinere
271 1379 336 1436 oet.

127 1491 186 1580 Ipsa
214 1492 370 1558 sententia
400 1491 567 1580 imperiose
591 1490 726 1570 elamat,
752 1512 815 1578 qua
838 1487 995 1555 medicina
1022 1488 1175 1555 utendum
1199 1493 1257 1572 sit,

93 1609 117 1672 iu
133 1611 167 1676 ir.
193 1610 288 1690 tvl,
311 1610 367 1676 ubi
390 1623 537 1676 narratur
560 1583 715 1677 Bemddas
740 1609 940 1675 Atheniensis
963 1609 1142 1690 dictitasse,
1167 1613 1259 1678 utin

93 1733 183 1798 ueteris
223 1731 338 1810 rebus,
382 1731 426 1796 sia
466 1731 562 1796 etiam
605 1731 639 1795 in
687 1731 890 1795 iureiurando
926 1731 972 1795 nil
1005 1732 1067 1796 nisi
1100 1733 1260 1821 propriam

93 1873 161 1918 suam
184 1853 354 1918 utilitatem
377 1851 522 1917 homines
553 1863 695 1942 spectare
726 1850 852 1916 debere.
904 1851 1007 1936 Quam
1038 1875 1167 1941 pravam
1187 1852 1261 1918 doe·

93 1973 189 2039 trinam
219 1973 268 2038 his
301 1971 402 2038 uerbis
426 1971 646 2038 commendat:
676 1972 746 2054 ίρῖον
771 1971 807 2036 rt
834 1971 886 2038 adr
910 1971 1137 2052 ἐπιορκήσαντα
1160 1997 1260 2055 παρα·

92 2099 183 2173 χρῆμα
205 2096 297 2160 ταῦτ’
319 2093 435 2175 ἔχοντα
458 2094 526 2176 περί
549 2090 586 2158 ὧν
610 2091 707 2172 ὤμοσε
714 2143 725 2174 ,
748 2091 800 2159 τὸν
824 2091 863 2157 δὲ
886 2089 970 2174 ίρκί
977 2092 1099 2175 ζοντα
1121 2096 1260 2178 φανερῶς

92 2213 119 2277 τί
157 2215 228 2281 ι’διον
272 2213 467 2281 ἀπολλύντα.
540 2213 682 2280 Verbum
728 2212 852 2296 Ιὁρκίζειν
900 2213 984 2304 apud
1030 2216 1152 2281 serioris
1195 2217 1263 2282 aeri

93 2337 238 2425 scriptores
279 2335 343 2402 diei
383 2348 530 2426 coeptum
565 2349 634 2414 est,
672 2358 735 2424 quo
771 2357 864 2400 seusu
899 2336 1092 2424 antiquiores
1128 2349 1263 2403 utuntur

92 2457 169 2522 serbo
211 2459 313 2540 ὁρκοῦν
355 2459 376 2522 i.
421 2481 449 2524 e.
493 2456 724 2521 iureiurando
766 2457 910 2546 adigere
958 2455 1014 2544 (of.
1052 2456 1191 2524 Lobeoh.
1222 2459 1261 2524 ad

91 2573 293 2664 Phrynichum
338 2603 371 2668 p.
425 2581 490 2644 360
537 2577 623 2666 sq.),
674 2599 754 2665 quae
800 2578 887 2642 notio
934 2599 1030 2666 quam
1073 2579 1156 2644 mala
1191 2581 1261 2646 Ioco

90 2711 181 2764 nostro
205 2697 390 2777 conveniat,
415 2698 465 2762 vir
485 2719 563 2786 opus
583 2709 629 2761 est
652 2708 688 2761 ut
706 2696 822 2764 dicam.
872 2697 917 2762 Er
936 2697 1003 2787 ipsa
1027 2697 1111 2763 enim
1136 2701 1262 2789 opposi-

90 2820 167 2886 tionis
200 2821 320 2886 ratione
351 2819 423 2885 luce
446 2819 561 2884 elarius
585 2831 714 2908 apparet
737 2820 956 2910 reponendum
979 2844 1063 2887 esse:
1091 2821 1262 2903 dodonico

90 2939 131 3004 σίν
148 2940 229 3031 (μὲν)
243 2938 655 3022 ἐπιορκήσαντα-ὤμοσε,
673 2941 725 3008 σίν
744 2941 1062 3023 δἐὐορκνίσανπα
1084 2948 1122 3027 φ.
1135 2965 1164 3010 π.
1184 2945 1204 3010 ί.
1230 2945 1261 3008 σί.

124 3062 329 3154 Pythagorei,
348 3074 384 3128 ut
404 3061 556 3128 doeemur
574 3061 687 3150 fragm.
715 3061 792 3138 XX,
819 3063 914 3128 uitam
937 3063 1111 3130 humanam
1129 3065 1162 3129 in
1183 3087 1263 3152 qua-

89 3193 148 3248 tuor
170 3197 288 3250 aetates
311 3183 449 3249 diuidere
473 3181 634 3248 solebant:
661 3181 785 3260 παιδίς,
811 3183 893 3261 νέον,
917 3185 1089 3262 νεανίσκου,
1113 3183 1263 3266 γέροντος.

91 3301 198 3371 Suntne
244 3304 306 3370 hae
349 3315 484 3392 quatuor
527 3303 671 3368 aetates?
704 3325 768 3368 non
797 3315 892 3393 puto:
927 3325 1002 3370 uam
1036 3305 1112 3394 quid
1142 3305 1264 3370 intersit

29 3503 30 3510 ἵ
90 3423 159 3490 inter
189 3425 252 3499 νέος
283 3437 316 3491 et
343 3425 497 3496 νεανίσκος
530 3423 678 3512 equidem
710 3425 840 3514 ignoro,
873 3439 904 3491 et
942 3425 1048 3492 deesse
1079 3425 1169 3491 rideo
1194 3447 1265 3490 eam

29 4053 31 4112 ί

29 4223 32 4328 ί

89 3559 231 3626 aetatem,
258 3569 321 3636 qua
343 3546 439 3610 homo
462 3557 494 3610 et
518 3545 656 3633 eorporis
674 3558 705 3610 et
724 3546 844 3635 ingenii
864 3546 981 3612 viribus
1001 3548 1135 3612 maxime
1152 3545 1262 3635 pollet.

88 3663 182 3734 Eisde
196 3669 300 3735 causis
312 3667 510 3734 correxerim:
526 3665 654 3744 παιδός,
673 3665 755 3746 νέον,
767 3667 888 3749 οίνδρίς,
900 3667 1050 3749 γέροντος.
1077 3668 1183 3734 Etiam
1194 3691 1265 3734 rer·

85 3785 190 3855 borum
198 3789 275 3856 ordo
285 3787 429 3854 turbatus
442 3799 489 3854 est
501 3789 534 3853 in
547 3787 763 3877 sequentibus:
779 3789 814 3853 τὸ
826 3790 884 3870 μὲν
896 3788 949 3872 ἔαρ
961 3791 1003 3871 τῷ
1018 3789 1104 3855 παιδί
1117 3790 1265 3874 διδόντες,

83 3909 112 3972 τί
130 3910 163 3976 δὲ
179 3911 363 3996 φίινίπωρον
382 3911 424 3990 σῷ
445 3907 542 3990 οίνὸρὶ,
566 3913 708 3990 χειμῶνα
728 3910 771 3990 τῷ
790 3907 907 3990 γέροντι
918 3960 928 3989 ,
948 3910 982 3975 τὸ
1003 3909 1034 3975 δὲ
1053 3909 1131 3993 ίέρος
1148 3912 1190 3993 τῷ
1202 3911 1265 3995 rip.

86 4028 135 4096 t'ix
170 4033 357 4122 quisquam,
390 4031 521 4120 opinor,
558 4041 605 4095 est
639 4031 766 4119 ingenio
800 4042 866 4095 tam
897 4030 1028 4097 obtusus
1051 4043 1105 4096 aut
1127 4043 1193 4097 tam
1216 4055 1265 4096 su·

83 4153 289 4237 perstitimus,
323 4164 359 4217 ut
384 4174 448 4216 nou
471 4152 574 4241 primo
599 4152 704 4215 statim
728 4151 842 4216 obtutu
865 4151 970 4218 rideat
994 4153 1148 4244 seriptum
1171 4173 1266 4240 opor-

82 4283 158 4338 tere:
182 4275 217 4340 πὸ
233 4273 291 4352 μὲν
308 4271 361 4354 ἔαρ
381 4273 423 4354 τῷ
436 4271 522 4338 παιδί
544 4271 692 4350 διδόντες,
711 4275 747 4338 τὸ
766 4272 797 4338 δὲ
820 4271 898 4354 ίίρος
922 4274 964 4356 τῷ
989 4273 1058 4357 νέῳ,
1082 4275 1116 4338 πί
1138 4274 1169 4338 δὲ
1191 4272 1265 4354 φίι-

80 4391 203 4475 σίσαρον
224 4397 268 4476 σῷ
291 4394 389 4474 οίνδρί,
414 4393 480 4480 (τὸν
504 4391 547 4481 δὲ)
571 4395 716 4475 χειμῶνα
739 4394 781 4475 τῷ
805 4393 935 4474 γέροντι.

119 4515 303 4584 Necessaria
322 4515 501 4592 coniunctio
521 4515 574 4580 καί
595 4515 768 4606 supplenda
790 4539 854 4581 esse
875 4515 998 4581 ridetur
1017 4517 1049 4578 in
1069 4515 1108 4578 fr.
1131 4513 1260 4581 XXIII:

29 4715 30 4720 ¹
80 4633 132 4702 οἷον
158 4637 315 4718 ἐξουσίαν,
336 4635 470 4717 κοίλαις,
491 4641 621 4705 πλοῦτον
652 4634 731 4725 (καί)
756 4633 865 4703 raihta
889 4637 970 4711 κσὲ.,
996 4647 1027 4699 et
1051 4635 1084 4700 in
1105 4635 1144 4700 ir.
1160 4635 1262 4714 XXV,

29 4803 32 4971 ί
