2932 5004
771 335 834 401 tte
907 345 912 352 '

205 525 290 590 iaetu
317 523 384 590 eius
412 521 564 590 exereitus
595 543 691 588 nesus
721 522 782 590 sibi
812 533 898 588 erent
920 519 1016 586 ducas
1040 533 1071 586 et
1095 543 1206 611 paeeus
1231 523 1399 610 eumpenit

206 667 280 711 eum
308 642 620 733 Carthaginiensibus
642 665 679 710 ee
702 655 818 732 paeto:
845 639 922 708 ύστε
945 642 1004 714 eois
1028 642 1134 714 πόλεις
1157 640 1196 716 θος
1221 639 1306 722 εἶχεν
1330 667 1398 710 πα-

203 764 364 847 ραδοῦναι,
400 775 516 832 uetera.
565 765 638 832 Post
672 786 773 854 panea
807 775 984 854 sequuntur
1016 761 1118 828 haee:
1154 765 1214 828 τῶν
1247 764 1304 842 μὲν
1343 761 1398 828 οὖν

204 891 395 968 στρατιωτῶν
426 886 452 950 σί
482 886 607 958 πλείονι
630 887 833 966 ἐμμείναντες
856 893 919 958 τοῖς
945 881 1039 965 ύρκοις
1063 882 1174 965 ἔτυχον
1198 889 1256 950 τοῖν
1279 884 1397 962 sposs-

203 1006 373 1085 γηθέντοιν,
401 1002 463 1072 ίσοι
485 1007 517 1072 δέ
539 1006 599 1080 τὰς
616 1006 721 1081 πίλεις
743 1006 981 1088 διακατέχοντες
1005 1005 1201 1086 ἀντεῖχον
1222 1013 1293 1078 ταῖς
1316 1007 1397 1088 παρ’

202 1125 428 1204 Ἀγαθοκλέους
462 1127 601 1205 ἐλπίσιν,
635 1125 926 1208 ἐξεπολιορκήθησαν
960 1125 1046 1192 κατθι
1080 1123 1199 1206 κροίτος.
1248 1123 1397 1192 uerbum

201 1246 402 1330 διακατέχειν
436 1247 612 1336 signifieat:
643 1251 800 1312 retinere
828 1255 862 1312 et
880 1249 1121 1337 pertinaciter
1137 1245 1326 1336 perhibere
1350 1245 1399 1310 id

201 1366 295 1456 quad
331 1367 517 1432 obtinuisti
554 1390 658 1457 neque
696 1369 793 1457 igitur
827 1365 917 1432 valde
953 1365 1105 1456 exquisite
1136 1365 1278 1454 iungitur
1313 1387 1395 1432 eum

200 1487 296 1554 serbo
331 1487 484 1570 ’ύνσέχειν
533 1487 597 1576 (τ...-
634 1486 874 1576 ἐναντισῖισίαι),
916 1487 1034 1576 quippe
1076 1486 1165 1552 euius
1202 1487 1289 1552 notio
1323 1487 1393 1556 iam

199 1607 267 1698 ipsa
290 1607 385 1674 serbo
409 1606 608 1691 διακατέχειν
632 1609 841 1677 contineatur.
890 1608 1056 1677 Praeterea
1085 1606 1298 1676 infelicissime
1315 1621 1393 1697 pust

198 1729 344 1811 ἀντεῖχον
375 1729 517 1819 sequitur
553 1729 701 1808 Datisus,
737 1751 832 1818 quem
868 1727 908 1794 ab
942 1750 980 1796 ea
1010 1749 1074 1794 aaa
1104 1749 1289 1820 suspensum
1321 1752 1394 1796 esse

198 1850 353 1916 sententia
376 1849 479 1918 decet.
517 1849 590 1920 Seio
614 1873 710 1944 quum
733 1873 846 1940 pssum
870 1851 961 1916 firma
980 1849 1020 1914 sit
1038 1848 1118 1916 haee
1138 1850 1388 1938 argumentati03

198 1983 230 2036 et
261 1971 310 2038 sel
339 1972 383 2038 sie
414 1983 521 2038 tamen
544 1971 755 2061 suspicionem
778 1993 923 2060 premere
946 1991 1069 2058 nequeo
1092 1967 1145 2036 hie
1171 1969 1392 2038 oblitteratam

197 2113 263 2158 asse
297 2091 490 2158 locutionem
524 2091 662 2158 Diodoro
699 2091 944 2180 perfamiliarem
984 2104 1016 2158 et
1052 2091 1128 2158 elim
1158 2092 1203 2158 sie
1233 2091 1392 2181 seriptum

196 2212 312 2276 fuisse:
346 2208 407 2276 ύσοι
439 2211 471 2276 δέ
503 2211 563 2284 τας
594 2210 700 2284 πόλεις
727 2211 968 2293 διακατέχοντες
1004 2219 1280 2294 προσανεῖχεν
1313 2219 1392 2286 ταῖς

197 2333 271 2412 παρ’
302 2330 528 2408 Ἀγαθοκλέους
560 2330 693 2400 ἐλπίσιν.
727 2331 768 2398 ef.
803 2355 832 2398 τ.
866 2355 895 2398 e.
926 2331 1022 2412 XIX,
1053 2357 1086 2423 p.
1120 2336 1186 2402 692
1209 2331 1249 2401 de
1273 2330 1392 2420 Olym-

196 2449 306 2542 piade:
333 2487 378 2500 -
401 2449 446 2517 ἔτι
477 2451 803 2533 προσανεχούσης
838 2462 926 2527 ταῖς
960 2451 1098 2528 έξιοθεν
1133 2453 1317 2529 ἐλπίσιν,
1352 2469 1391 2523 et

198 2570 306 2638 XXXI
346 2570 386 2636 is.
429 2570 488 2638 XV
522 2570 561 2637 de
597 2571 722 2642 Pessao:
758 2581 899 2646 κεναῖς
934 2573 1075 2643 ἐλπίσι
1111 2573 1389 2656 προσανέχειν.

197 2691 317 2760 Eadem
336 2713 432 2782 apere
444 2691 647 2781 corrigendus
659 2691 783 2762 videtur
794 2693 881 2762 loeus
894 2693 950 2758 lib.
966 2693 1072 2763 XXIX
1084 2694 1122 2761 tr.
1137 2693 1218 2773 tlt,
1238 2693 1293 2761 ubi
1303 2693 1391 2784 legi-

196 2825 270 2879 tur:
304 2812 587 2888 ιθποτιιιπησοθνταν
615 2813 646 2882 δέ
674 2815 733 2880 τῶν
759 2813 919 2894 πρέσβειον
942 2816 959 2891 ἡ
984 2813 1160 2893 σύγκλητος
1182 2815 1391 2894 ὑπολαβοῦσα

142 2927 147 2934 ’
195 2933 266 3005 τούς
298 2933 453 3007 Λίταλοὺς
478 2933 668 3015 οίντέχειν
690 2942 761 3007 ταῖς
785 2934 871 3000 κατὰ
895 2933 946 2999 τὸν
969 2935 1131 3016 Ἀντίοχον
1150 2935 1281 3002 ε’λπίσιν.
1317 2935 1388 3004 Re-

193 3075 298 3143 pone:
324 3053 394 3128 σούς
419 3055 574 3128 Αίτιολούο
598 3053 869 3136 προσανέχειν
894 3055 959 3122 κσέ.
994 3053 1092 3123 Bekk.
1117 3055 1252 3122 eunieeit
1270 3057 1387 3122 έπανέ-

193 3197 284 3257 χειν,
321 3197 384 3266 quo
420 3175 514 3242 serbo
549 3176 741 3266 antiquiores
775 3188 928 3255 utuntur,
966 3176 1019 3243 sed
1044 3177 1128 3266 quad
1153 3178 1236 3268 apud
1260 3179 1386 3259 Diei,

195 3307 350 3385 quantum
373 3297 455 3375 seio,
479 3319 636 3386 nusquam
660 3310 801 3389 apparet.

239 3416 311 3484 Non
339 3418 444 3484 minus
474 3430 650 3508 suspectam
677 3417 779 3486 haheo
808 3419 969 3509 vulgatam
1001 3419 1035 3488 in
1058 3419 1097 3489 ir.
1123 3419 1199 3490 Lv:
1225 3415 1271 3486 θσι
1295 3425 1387 3498 μετὰ
1459 3479 1460 3495 2

192 3539 228 3604 τὸ
262 3539 424 3605 ἀποθανεῖν
459 3539 511 3605 τὸν
545 3537 686 3620 Γροθκχον
722 3541 779 3608 ύπέ
812 3543 866 3606 τοῦ
889 3539 964 3608 utos
988 3540 1093 3610 δούλου
1123 3541 1183 3608 σύν
1206 3540 1386 3618 γεγονότων

193 3661 288 3725 susos
321 3658 423 3741 φίλων
457 3659 585 3734 Λεύκιος
622 3661 803 3734 Ούισίλλιος
835 3666 950 3741 πρῶτος
984 3661 1116 3734 έπιστίος
1152 3662 1194 3742 τῷ
1231 3662 1385 3740 πσιθρςατι
1458 3701 1459 3749 ρ

193 3783 288 3847 αὐτοῦ
322 3782 383 3862 οὐχ
416 3777 496 3854 irus
530 3779 661 3862 θχίέσθη
692 3791 731 3864 τῇ
761 3786 908 3866 συμφορᾷ
931 3787 984 3851 τοῦ
1009 3781 1267 3857 τετελευτηκότος
1290 3784 1386 3858 οῖλλοὶ

192 3900 247 3974 τίρν
277 3901 420 3983 κεφαλὴν
447 3901 614 3979 οίΦελὼν
647 3901 700 3970 καί
728 3901 859 3992 κοροίσασ
888 3901 960 3983 πρθς
989 3903 1101 3970 ἐαυτὸν
1124 3905 1191 3972 κτὲ.
1239 3902 1382 3994 Εσερσσ·
1457 3925 1458 4001 ρ

191 4019 324 4087 tuteris:
359 4021 447 4086 οῖλλοῖ
478 4022 532 4097 την
559 4025 703 4104 κιΦαλθρν
732 4023 947 4102 ἀποτεμὼν
971 4024 1035 4090 κτὲ.
1082 4022 1147 4090 Sed
1171 4024 1382 4104 συστολίσαι,

191 4163 254 4232 qao
285 4141 391 4206 minus
417 4141 463 4207 sie
491 4142 709 4233 reponendum
739 4167 805 4210 ease
837 4144 1027 4214 eontendtun
1050 4145 1138 4213 tosus
1159 4145 1254 4234 plane
1277 4149 1386 4236 qemi·
1454 4147 1457 4255 ί

189 4285 249 4328 nus
282 4261 340 4330 lib.
378 4261 454 4330 XVI
481 4287 489 4330 t
518 4268 581 4332 43:
618 4265 771 4346 παρέδωκε
810 4265 861 4332 τὸν
897 4265 1187 4340 &serenissimis
1213 4266 1382 4347 ὑπηρέταις
1455 4307 1456 4336 1

189 4383 241 4448 καί
265 4380 452 4465 προσέταξεν
475 4386 651 4468 ἀφελεῖν
674 4389 729 4462 την
754 4388 907 4470 κεφαλήν.

233 4502 286 4568 lia.
319 4504 428 4572 LVII:
460 4506 477 4580 si
507 4505 538 4571 δέ
562 4504 739 4584 σύγκλητος
762 4507 889 4591 έπεμψε
913 4508 1057 4590 πρέσβεις
1081 4509 1218 4574 λύσειν
1241 4510 1296 4583 τὴν
1321 4533 1380 4575 πο·
1454 4539 1455 4560 ι

188 4621 400 4700 suspersam
432 4625 527 4693 Dind.
562 4627 593 4693 in
620 4651 674 4694 sua
706 4629 780 4696 edit.
808 4643 892 4698 reete
916 4631 1049 4702 correxit
1070 4631 1176 4700 λύειν.
1225 4630 1314 4698 idem
1342 4635 1378 4702 in
