2946 5014
416 1445 861 1541 PRAEFATIO.

112 2051 266 2124 Quamvis
290 2073 305 2115 a
326 2051 441 2115 renatis
467 2051 541 2114 inde
564 2051 664 2115 literis
688 2050 723 2115 ad
749 2051 832 2115 hunc
855 2073 952 2136 usque
976 2049 1057 2113 diem
1082 2049 1204 2135 plurimi

61 2170 210 2236 homines
238 2171 382 2234 Graecam
406 2167 544 2255 linguam
568 2169 684 2254 optime
708 2166 855 2233 callentes
876 2167 1031 2252 iidemque
1054 2187 1114 2230 non
1138 2187 1206 2230 raro

60 2287 251 2353 acutissimo
262 2284 392 2371 praediti
414 2284 539 2370 ingenio
554 2284 685 2348 intentis
698 2283 816 2349 viribus
828 2285 861 2350 id
875 2286 973 2371 egisse
985 2283 1114 2370 putandi
1127 2285 1206 2356 sint,

59 2410 101 2469 nt
113 2402 229 2466 veteris
241 2401 306 2464 aevi
329 2399 495 2485 scriptores
519 2411 583 2464 tum
609 2401 795 2486 optimorum
828 2400 972 2465 codicum
1000 2399 1116 2464 auxilio
1138 2403 1206 2463 tum

60 2515 234 2584 divinandi
257 2514 403 2580 facultate
429 2517 526 2581 adiuti
549 2538 638 2601 quam
652 2516 916 2582 emendatissimos
932 2517 1073 2594 ederent,
1093 2515 1206 2580 nibilo-

57 2637 175 2702 minus
190 2633 297 2717 negari
317 2653 378 2695 non
399 2636 500 2718 potest
523 2633 614 2697 etiam
628 2631 721 2696 hodie
733 2633 765 2696 in
778 2633 896 2719 optimo
909 2637 939 2697 et
955 2631 1117 2698 tritissimo
1133 2655 1207 2718 quo-

1 2791 2 2834 ,
57 2773 123 2837 que
137 2749 291 2834 scriptore
301 2769 391 2833 quam
404 2747 553 2834 plurimos
569 2753 688 2812 exstare
706 2747 805 2825 locos,
826 2748 938 2834 quibus
960 2758 1012 2814 aut
1036 2749 1205 2813 Graecitati

57 2872 118 2933 aut
137 2865 317 2930 ‘sententiae
333 2865 394 2930 vim
419 2865 527 2930 inferri
551 2869 702 2952 appareat.
726 2864 825 2936 Quam
847 2865 945 2930 multa
967 2869 1066 2930 autem
1090 2865 1122 2929 in
1145 2863 1206 2928 hoc

1 2961 2 3004 l
54 3003 195 3070 quoque
212 3003 322 3068 genere
353 2985 477 3046 nostrae
497 2981 605 3044 aetatis
627 2981 747 3045 criticis
771 2981 888 3068 agenda
911 2981 1085 3066 supersint,
1116 2979 1207 3044 facile

54 3099 277 3186 intelligimus
291 3087 456 3172 Dindorffi,
476 3097 639 3174 Meiuelrii,
652 3096 772 3175 Cobeti,
784 3096 913 3162 aliorum
928 3096 1106 3160 uberrimam
1120 3119 1206 3183 egre-

1 3231 2 3262 ³
52 3220 191 3307 giorum
212 3213 459 3278 emendationum
488 3213 607 3298 copiam
631 3213 663 3276 iu
688 3213 814 3299 scriptis
838 3218 972 3279 veterum
998 3214 1207 3279 monumentis

52 3330 211 3420 quotidie
231 3331 325 3394 ferme
345 3329 538 3394 admirantes.
573 3332 603 3394 A
625 3351 753 3414 quorum
779 3331 913 3395 virorum
938 3329 1126 3418 praestantia
1148 3331 1205 3395 etsi

1 3439 2 3486 ἶ
51 3451 162 3536 longo
187 3445 352 3511 intervallo
373 3468 419 3511 me
439 3451 589 3510 remotum
607 3467 672 3510 esse
689 3447 807 3524 sentio,
828 3445 883 3510 diu
901 3455 1004 3511 tamen
1024 3452 1071 3512 ast
1092 3469 1129 3512 ex
1146 3468 1206 3532 quo

51 3565 194 3630 illorum
208 3561 354 3648 exemplis
374 3563 493 3628 excitus
506 3562 631 3626 insitam
656 3562 759 3627 animo
782 3562 942 3628 iudicandi
964 3568 994 3628 et
1016 3561 1208 3650 reperiendae

49 3677 212 3746 veritatis
235 3677 413 3742 facultatem
437 3677 576 3743 excolere
597 3683 628 3743 et
652 3678 822 3744 excolendo
849 3700 959 3764 augere
983 3679 1078 3764 coepi.
1101 3679 1207 3752 Quum

1 3799 2 3884 l
49 3817 137 3862 vero
150 3793 250 3859 huius
270 3795 366 3859 studii
387 3794 572 3860 documenta
594 3796 742 3880 quaedam
763 3795 833 3860 aliis
847 3794 1063 3860 occasionibus
1087 3795 1208 3882 prolata

1 3899 2 3988 l
49 3911 140 3976 viris
159 3909 294 3975 eruditis
314 3933 376 3975 non
394 3910 590 3998 displicuisse
609 3911 835 3989 intellexerim,
857 3933 942 3976 nunc
965 3931 1085 3995 quoque
1105 3909 1207 3996 aliqua

48 4051 129 4115 spes
163 4049 214 4090 me
233 4031 318 4092 tenet
339 4027 423 4105 fore,
462 4032 497 4092 ut
520 4027 614 4093 iidem
637 4027 692 4094 has
717 4027 932 4093 adnotationes
966 4027 1093 4092 criticas
1116 4027 1207 4092 bene·
1258 4103 1262 4114 ,

47 4143 132 4209 volo
169 4141 291 4206 iudicio
326 4144 492 4230 excipiant.
528 4145 566 4208 In
602 4143 660 4210 hac
694 4151 793 4210 autem
821 4143 991 4229 scriptione
1019 4143 1053 4208 id
1076 4143 1142 4231 egi,
1171 4147 1207 4206 ut

1 4321 2 4326 ,
46 4282 153 4345 quam
189 4257 386 4346 paucissimis
421 4259 522 4324 verbis
557 4259 681 4349 singula
715 4259 909 4325 absolverem.
941 4257 1066 4324 Etenim
1094 4259 1206 4323 docue-

45 4383 102 4444 rat
139 4395 196 4443 me
241 4381 311 4440 tum
351 4375 450 4442 aliena
488 4381 553 4442 tum
589 4399 655 4442 maa
688 4398 808 4463 quoque
846 4373 1033 4462 experientia
1080 4377 1112 4440 iu
1146 4373 1204 4439 hoc

1 4467 2 4508 1
