2944 5002
780 333 819 396 18

210 543 275 588 non
299 523 366 588 sine
388 521 503 612 insigni
526 519 716 588 dettimento
739 518 890 586 articulus
912 519 1064 608 potuisset
1090 520 1206 586 omitti.
1242 519 1309 588 Soli
1331 534 1397 590 tra·

210 644 291 734 qioi,
318 641 433 733 quibus
456 663 570 732 magna
594 653 660 720 est,
686 651 721 706 nt
739 661 833 707 nemo
849 641 992 730 ignorat,
1012 641 1046 706 in
1066 641 1199 708 articulo
1219 643 1397 712 omittendo

208 763 358 843 lieentia,
382 763 466 829 hano
489 785 617 852 qnoque
638 761 743 852 legem
766 760 826 828 sibi
847 785 912 826 non
935 761 1033 828 latam
1055 785 1122 828 ease
1144 761 1339 830 iudicabant.

253 885 371 952 Inutile
394 881 645 949 additamentum
658 905 724 948 esse
736 903 868 960 censeo,
889 903 971 972 quae
982 881 1178 972 legunturin
1189 883 1302 973 fragm.
1318 884 1397 952 XIV

206 1019 277 1097 post
308 1005 472 1072 oraculum
504 1003 569 1070 ἔστι
601 1003 634 1070 δὲ
660 1003 696 1070 τὸ
718 1003 872 1082 νοούμενον
895 1004 978 1078 ert..
1004 1003 1068 1069 sive
1089 1003 1148 1070 ista
1172 1003 1307 1072 librariis
1330 1008 1398 1076 siue

207 1127 430 1218 epitomatori,
460 1125 512 1214 (do
536 1147 600 1216 quo
623 1147 687 1190 non
710 1123 965 1213 magnificentius
987 1123 1094 1190 iudico
1117 1147 1213 1214 quam
1236 1125 1275 1192 de
1298 1126 1397 1216 illie)

207 1250 330 1314 auctori
372 1248 562 1328 taibuamus3
600 1244 772 1312 dummodo
805 1244 867 1312 hoo
900 1243 980 1312 mihi
1013 1244 1184 1326 oonoedas,
1221 1246 1399 1314 Diodorum

207 1371 311 1460 ipsum
339 1369 415 1433 talia
444 1366 559 1434 addere
589 1389 654 1433 non
679 1367 827 1456 potuisse.
875 1365 988 1456 Neque
1012 1366 1149 1434 Diodoro
1172 1368 1398 1459 imputaverim

209 1489 294 1580 quod
317 1488 434 1579 legitur
456 1489 489 1553 in
512 1487 578 1554 fine
599 1487 777 1577 fragmento
801 1485 879 1553 XV:
914 1488 967 1552 καὶ
990 1487 1144 1567 βασιλεὺς
1165 1489 1250 1571 ᾑρέθη
1272 1489 1397 1570 μετοὶ·

208 1633 397 1690 τεμττος
420 1631 478 1700 pro
501 1607 806 1688 μετάπεμπτος
829 1606 1066 1687 γενόμενος.

254 1729 392 1809 Dubito,
417 1753 458 1794 an
478 1739 564 1795 reote
584 1727 744 1794 nokkerus
763 1726 1397 1820 emendaveritinfraqm.XV1(XV)as.

209 1857 230 1920 8
266 1875 335 1942 sqq.
369 1851 425 1917 ubi
456 1849 496 1917 de
525 1849 583 1916 diis
606 1871 709 1916 aemio
731 1862 797 1929 est,
826 1845 855 1916 οἳ
876 1851 909 1916 οὐ
927 1848 1017 1928 μόνον
1041 1850 1111 1924 τοὺς
1135 1850 1275 1930 εὐσεβεῖς
1299 1852 1328 1916 ἐν
1351 1855 1399 1934 τῷ

208 1975 262 2057 ζῆν
295 1971 329 2040 οὗ
360 1977 509 2050 τοιοῦτον,
540 1971 631 2036 ἄλλα
661 1971 714 2036 καὶ
750 1971 837 2049 μετὰ
867 1971 918 2038 τὸν
950 1968 1090 2038 θάνατον·
1114 1973 1149 2038 si
1174 1972 1212 2038 δὲ
1234 1972 1299 2038 καὶ
1322 1981 1399 2048 ταῖς

208 2103 353 2168 τελεταῖς
374 2094 422 2160 δεῖ
437 2093 567 2171 ἀγωγὴν
590 2093 661 2170 μετ’
686 2091 845 2172 εὐφημίας
868 2091 972 2168 ἡδείας
995 2091 1038 2165 εἷς
1065 2088 1195 2162 ἅπαντα
1223 2094 1274 2160 τὸν
1298 2093 1398 2160 atone

210 2212 506 2298 παρασκευάζουσιν.
566 2209 656 2278 Nihil
700 2221 748 2276 est
792 2210 826 2276 in
875 2212 942 2301 ipso
991 2210 1100 2280 oodioe
1140 2213 1298 2302 praesidii.
1347 2215 1395 2282 Μ.

210 2337 371 2429 praeclare
401 2333 508 2400 looum
539 2329 721 2398 emendasse
750 2330 810 2396 sibi
840 2330 923 2398 visus
956 2343 1003 2397 eat
1034 2332 1215 2422 reponendo
1237 2337 1263 2402 οἱ
1286 2357 1344 2425 pro
1367 2337 1397 2402 ei
1469 2417 1470 2428 χ

211 2471 243 2525 et
273 2457 431 2536 διαγωγὴν
458 2477 515 2544 pro
543 2453 592 2519 δεῖ
614 2451 760 2532 οἰμωγὴν,
788 2449 850 2518 hoo
872 2465 979 2518 tamen
991 2502 1000 2533 ,
1025 2475 1100 2520 oasu
1125 2455 1230 2522 neseio
1254 2479 1294 2522 an
1316 2480 1398 2548 pru-
1469 2431 1470 2479 ³

210 2577 320 2644 dentia·
337 2577 457 2642 iaotnnt
480 2573 603 2652 dicam,
635 2585 671 2638 ut
698 2571 891 2652 videbimus,
916 2586 1012 2640 reete.
1061 2575 1159 2642 Bekk.
1183 2589 1253 2666 post
1276 2576 1324 2644 te
1343 2579 1398 2646 iu-

212 2699 285 2767 serit
319 2696 491 2773 τνστεύεον,
522 2707 553 2760 et
587 2692 701 2759 deinde
735 2695 860 2783 reponit
888 2695 961 2774 μετ’
984 2695 1132 2776 εὐνομίας
1156 2696 1270 2788 ἡδεῖαν.
1317 2699 1398 2766 1²03.
1468 2675 1469 2733 i

210 2821 326 2887 teriora
349 2829 493 2908 exparte
513 2815 623 2881 saltem
642 2837 715 2880 vera
735 2837 801 2882 esse
825 2813 978 2895 arbitror,
1004 2817 1057 2884 aed
1075 2819 1175 2908 priori
1193 2821 1398 2889 coniecturae

209 2941 271 3008 hoo
288 2939 406 3018 obstat,
433 2937 482 3022 (ut
504 2949 627 3002 taoeatn
647 2960 684 3002 τε
710 2935 864 3002 moseten
887 2937 920 3002 in
943 2937 1000 3003 tali
1018 2961 1052 3006 re
1064 2940 1211 3028 requiri),
1232 2941 1315 3028 quod
1328 2965 1397 3008 non
1467 2915 1468 2918 Ἴ

210 3063 323 3142 οἰμωγὴ
353 3058 406 3126 sed
440 3057 582 3136 διαγωγὴ
605 3057 627 3122 i.
653 3079 682 3122 e.
707 3059 784 3122 vitu
806 3079 824 3122 a
847 3059 1002 3124 sententia
1024 3058 1220 3148 postulatur,
1245 3063 1399 3150 quocirca

210 3179 401 3259 uidendum,
427 3201 467 3244 an
490 3179 593 3268 potius
615 3176 696 3244 nihil
718 3176 884 3257 exciderit,
914 3179 1017 3268 sitque
1036 3181 1285 3250 resoribendum:
1304 3186 1398 3252 ἀλλὰ
1466 3189 1467 3196 ’

212 3303 264 3369 καὶ
297 3300 381 3380 μετα
411 3302 463 3364 τὸν
487 3297 615 3364 θάνατον
637 3305 723 3372 τοῖς
745 3321 790 3376 με
813 3299 851 3364 ἐν
875 3307 946 3373 ταῖς
969 3309 1115 3376 τελεταῖς
1138 3302 1298 3383 διαγωγὴν
1319 3310 1397 3385 μετ’

212 3423 371 3506 εὐφημίας
408 3419 512 3496 ἡδεῖαν
552 3420 596 3492 sic
631 3413 762 3486 ἅπαντα
784 3420 836 3486 τὸν
863 3422 959 3488 αἰῶνα
981 3423 1278 3505 παρασκευάζουσιν.
1303 3427 1326 3494 i.
1364 3451 1398 3497 e.
1465 3445 1466 3454 ’

211 3553 424 3636 quantopere
459 3541 540 3606 deos
572 3539 682 3607 colere
711 3550 866 3634 oportet,
909 3547 972 3632 qui
1005 3567 1072 3609 non
1107 3545 1214 3612 solum
1247 3549 1285 3612 εὀε
1318 3553 1400 3616 vita

205 3669 285 3758 piis
315 3666 395 3729 bene
416 3662 565 3750 sociant
596 3662 660 3728 sed
691 3667 797 3728 etiam
820 3671 906 3755 poet
929 3673 1071 3731 mortem
1091 3669 1140 3731 a'a'a
1164 3667 1306 3746 saltem,
1331 3676 1401 3756 qui
1464 3683 1465 3745 t

212 3789 354 3851 initiati
380 3791 481 3862 eunt,
503 3787 611 3849 vitam
633 3819 680 3848 ε·-
702 3788 740 3853 οόε
763 3807 859 3850 omne
881 3808 1000 3852 aevum
1016 3786 1160 3874 felicem
1183 3801 1400 3880 comparent.

213 3903 402 3972 Coniectura
437 3916 543 3970 autem
579 3905 733 3985 Bekkeri‚
770 3929 833 3996 qua
865 3909 936 3985 μετ’
964 3907 1111 3986 εὐθυμίας
1134 3911 1292 3999 reposuit,
1316 3910 1402 3979 mihi
1463 3947 1464 3997 ς

210 4038 376 4118 propterea
386 4047 449 4090 non
462 4024 647 4114 persuadet,
661 4025 746 4114 quod
758 4027 929 4117 tautologia
941 4029 986 4094 sio
997 4029 1096 4094 oratio
1108 4029 1251 4098 laborare
1259 4029 1400 4103 videtur.

213 4151 254 4216 Oi
286 4149 315 4213 ἐν
349 4154 420 4220 ταῖς
452 4153 597 4219 τελεταῖς
636 4144 755 4212 Graece
782 4146 956 4226 dicuntur„
981 4151 1036 4239 qui
1060 4151 1154 4241 vulgo
1177 4154 1203 4218 οἱ
1225 4152 1346 4232 μύτταῖ
1371 4179 1401 4222 s.
1462 4219 1463 4251 ,

211 4273 237 4337 oi
265 4265 467 4350 μεμνημένον.
516 4265 569 4332 sic
600 4289 629 4331 ν.
663 4289 693 4334 o.
726 4267 849 4335 locutus
880 4281 927 4336 est
954 4270 1044 4336 Plato
1074 4271 1108 4338 in
1137 4271 1340 4361 Euthydemo
1363 4299 1402 4366 p.

213 4395 276 4456 277
301 4389 330 4454 d.
359 4389 384 4454 oi
407 4387 437 4453 ἒν
461 4397 498 4472 τῇ
522 4397 634 4472 τελετῇ
657 4389 716 4454 τῶν
739 4389 950 4471 Κορυβάντων.
1461 4453 1462 4503 q

261 4509 390 4576 Periisse
414 4509 553 4600 suspicor
577 4509 765 4578 vocabulum
778 4511 812 4577 in
825 4511 935 4601 fragm.
952 4511 1175 4604 xv111(xt⁷1)
1190 4513 1275 4582 haud
1286 4521 1407 4607 prooul

218 4629 257 4695 ab
274 4629 383 4708 initio,
405 4629 460 4698 ubi
479 4632 632 4720 legimus:
655 4639 709 4708 tic
729 4633 793 4714 wip
812 4631 985 4710 ἀθανασίας
998 4635 1166 4718 ἐγγύτερον
1176 4633 1263 4706 οὖσαν
1283 4661 1407 4725 τοοτῳ-
1460 4695 1461 4755 q
