2974 5016
774 498 815 563 12

234 689 319 748 oerte
334 683 396 748 huo
411 681 508 748 traxit
523 683 618 748 Mein.
638 681 783 764 α’νρόθεν
803 681 905 769 prima
923 684 1046 769 syllaba
1064 683 1183 751 soilioet
1204 683 1355 770 producta

234 795 266 860 in
301 793 635 878 Κωμῳδοτραγιρδίας
666 797 704 862 fr.
737 799 771 896 l,
802 796 847 862 ita
876 803 1038 882 eorrupit),
1065 797 1198 882 utquid
1220 817 1241 863 a
1262 803 1355 883 poeta
1459 774 1460 842 ά

234 908 407 994 profeotnm
430 909 471 976 sit
491 909 625 976 fortasse
647 910 681 974 in
702 915 865 976 aeternum
888 909 986 978 simus
1007 909 1190 994 ignoraturi.

413 1024 594 1107 ἐτύγχανον
618 1025 679 1104 μέν
704 1022 849 1104 α’γρόδεν
875 1021 1047 1098 πλείστους
1071 1021 1177 1107 φέρων

413 1139 457 1210 εἷς
482 1141 541 1216 τὴν
566 1141 681 1220 ἑορτὴν
705 1137 782 1201 ὅσον
808 1131 901 1200 οἷον
927 1137 1028 1201 εἴκοσι
1054 1139 1120 1200 uri.

280 1249 478 1334 Quicumque
508 1251 541 1316 in
561 1271 599 1316 eo
622 1252 691 1316 loco
713 1249 898 1334 retingendo
920 1251 1082 1334 ingenium
1105 1249 1241 1336 experiri
1263 1250 1353 1330 velit,

236 1362 280 1428 itu
310 1369 394 1428 oerte
424 1381 492 1428 rom
521 1363 682 1446 instituat,
712 1369 748 1428 ut
770 1363 803 1428 in
825 1361 970 1446 ἀγρόθεν
994 1362 1096 1448 prima
1117 1363 1241 1448 syllaba
1262 1363 1354 1428 oorri-

235 1475 352 1561 piatur,
377 1497 407 1540 v.
430 1496 457 1542 ο.
482 1477 663 1560 ἐτύγχανον
687 1478 747 1556 μὲν
773 1467 863 1564 (οὖν)
888 1479 956 1539 xri.

280 1589 318 1652 In
341 1589 610 1653 HAEIGTOTG
629 1589 762 1656 sortasse
784 1590 862 1656 latet
884 1588 1145 1666 ΠΛΕΚΤΟΤΟ,
1170 1587 1257 1654 etin
1284 1581 1354 1651 οἷον
1461 1636 1462 1660 1

234 1702 483 1784 substantivum,
508 1701 593 1786 quod
615 1722 686 1768 oum
710 1703 765 1768 illo
787 1701 944 1768 adieetivo
966 1707 1051 1768 reete
1072 1700 1229 1784 iungatur.

280 1928 358 2012 Pag.
382 1927 457 1993 865.
481 1927 682 2013 Philyllii
706 1928 800 1994 Fob.
824 1927 906 1993 Ino.
930 1927 968 1992 fr.
991 1927 1054 1992 VI:

835 2038 966 2123 παρέξω
990 2038 1145 2126 Λέσβιον,

458 2161 561 2234 Χῖον,
585 2155 759 2238 Σαπρίαν,
786 2155 923 2234 Θάσιον,
950 2144 1116 2238 Βίβλινον
1140 2153 1232 2196 ss*

459 2267 649 2347 Μενδαῖον,
674 2269 755 2332 ὥστε
779 2267 906 2351 μηδένα
931 2269 954 2312 ⁴*
977 2265 1180 2351 κραιπαλᾶν.

282 2383 397 2450 Neseio
426 2403 467 2447 an
497 2389 570 2469 post
600 2381 767 2468 Βίβλινον
799 2389 926 2469 propter
948 2381 1099 2448 ductuum
1122 2379 1357 2448 similitudinem

238 2497 390 2563 exciderit
413 2495 723 2581 Χαλυβώνιον,
749 2496 838 2562 ouius
860 2495 927 2561 vini
948 2495 1067 2561 mentio
1089 2492 1125 2559 fit
1146 2494 1231 2581 apud
1252 2495 1356 2561 Pollu-

237 2629 307 2677 oem
330 2610 385 2675 Vl:
409 2611 459 2676 16.
480 2611 616 2676 Mettum
635 2609 773 2675 admittit
784 2629 910 2692 quoquo
920 2613 1153 2692 Πεπαρήθιον,
1168 2607 1253 2692 quod
1264 2607 1358 2674 habet

238 2722 550 2809 Aristophanes
572 2723 606 2789 in
630 2721 749 2790 alteru
778 2719 1123 2808 Tharmoplrorr'oaoeir
1144 2721 1182 2787 fr.
1212 2723 1247 2786 l:

396 2827 487 2900 οἶνον
512 2834 547 2899 δι’
573 2835 683 2900 πίνειν
708 2835 766 2900 οὐν
791 2835 874 2898 ἐάσω
895 2839 1083 2918 Πράμνιον,

396 2948 433 3012 οὐ
458 2954 561 3028 Χῖον,
587 2947 661 3013 οὐδὲ
688 2949 823 3027 Θάσιον,
850 2948 887 3014 οὐ
911 2953 1214 3031 Πεπαρήθιον.

283 3065 338 3130 Vs.
367 3063 434 3130 3ti0
462 3061 595 3129 fortasse
628 3061 855 3148 supplendum:
879 3059 993 3145 μηδέν’
1017 3063 1130 3143 ήμῶν
1155 3058 1356 3142 κραιπαλᾶν.

240 3175 457 3262 Oompositnrn
481 3172 772 3258 ναιοκραιπαλᾰν,
797 3175 838 3242 do
864 3195 927 3259 quo
949 3173 1131 3260 reponendo
1153 3175 1253 3260 possit
1273 3175 1358 3258 eogi-

240 3290 317 3372 tari,
340 3290 425 3375 apud
447 3289 640 3373 antiquiores
662 3310 727 3356 non
750 3288 874 3356 videtur
896 3287 1038 3374 reperiri.

284 3517 362 3600 Peg.
387 3517 461 3582 867.
485 3515 680 3600 Polyzeli
703 3512 1105 3578 ΔΗΜΟΤΤΝΔΑΡΕΩ
1126 3512 1164 3578 fr.
1189 3514 1221 3578 1:

308 3633 419 3711 Τριῶν
445 3634 555 3692 κακῶν
581 3631 659 3705 γοῦν
684 3623 724 3708 ἦν
749 3625 858 3692 ἐλέοθ’
884 3627 972 3710 αὐτῷ
998 3651 1029 3690 τι
1053 3626 1129 3690 πᾶο’
1153 3625 1292 3709 ἀνάγκη·

307 3747 329 3822 ἤ
351 3740 449 3815 ξύλον
476 3739 639 3824 ἐφέλιιειν,
664 3747 685 3822 ἤ
708 3748 801 3806 πιεῖν
827 3743 979 3819 κώνειον,
1004 3745 1025 3822 ἤ
1047 3737 1213 3823 προδόντα

308 3859 367 3933 τὴν
395 3859 476 3918 ναῦν
500 3855 586 3928 ὅπως
612 3861 751 3939 τάχιοτα
775 3857 841 3920 τῶν
867 3859 977 3918 ιιαιιῶν
1002 3851 1249 3934 ἀπαλλαγῆναι·

311 3966 402 4030 ταῦτ’
428 3966 496 4030 ἐστι
521 3968 597 4049 τρία
622 3966 847 4050 Θηραμένους,
872 3969 893 4029 ά
917 3990 967 4030 σοι
992 3964 1149 4048 oviam?
1175 3967 1254 4030 ἐστι.

287 4081 407 4146 Loenm
428 4087 514 4146 reete
536 4081 761 4166 interpretatus
784 4087 833 4147 est
855 4083 909 4163 Μ,
933 4081 984 4147 eui
1006 4081 1074 4146 iuro
1096 4079 1256 4165 displicuit
1277 4079 1363 4146 istud

240 4215 271 4255 ει
302 4199 374 4276 post
401 4191 490 4276 αὐτῷ
522 4193 590 4260 siue
620 4191 669 4258 ἐ’ν.
703 4193 782 4262 Mihi
804 4201 966 4280 praeterea
988 4193 1081 4260 valde
1104 4197 1286 4280 suspectum
1310 4199 1360 4259 est
