<?xml version="1.0" encoding="UTF-8"?>
<!DOCTYPE html PUBLIC "-//W3C//DTD XHTML 1.0 Transitional//EN"
    "http://www.w3.org/TR/xhtml1/DTD/xhtml1-transitional.dtd">
<html xmlns="http://www.w3.org/1999/xhtml" xml:lang="en" lang="en">
 <head>
  <title>
</title>
<meta http-equiv="Content-Type" content="text/html;charset=utf-8" />
  <meta name='ocr-system' content='tesseract 3.04.00' />
  <meta name='ocr-capabilities' content='ocr_page ocr_carea ocr_par ocr_line ocrx_word'/>
</head>
<body>
  <div class='ocr_page' id='page_1' title='image "./exercitationesc02herwgoog/exercitationesc02herwgoog_0150.png"; bbox 0 0 2932 5004; ppageno 0'>
   <div class='ocr_carea' id='block_1_1' title="bbox 620 293 679 355">
    <p class='ocr_par' dir='ltr' id='par_1_1' title="bbox 620 293 679 355">
     <span class='ocr_line' id='line_1_1' title="bbox 620 293 679 355; baseline -0.017 0"><span class='ocrx_word' id='word_1_1' title='bbox 620 293 679 355; x_wconf 80' lang='grc'>121</span> 
     </span>
    </p>
   </div>
   <div class='ocr_carea' id='block_1_2' title="bbox 425 477 888 544">
    <p class='ocr_par' dir='ltr' id='par_1_2' title="bbox 425 477 888 544">
     <span class='ocr_line' id='line_1_2' title="bbox 425 477 888 544; baseline -0.006 0"><span class='ocrx_word' id='word_1_2' title='bbox 425 478 523 544; x_wconf 79' lang='lat' dir='ltr'>dBN.</span> <span class='ocrx_word' id='word_1_3' title='bbox 550 477 606 544; x_wconf 77' lang='grc' dir='ltr'>ΑΒ</span> <span class='ocrx_word' id='word_1_4' title='bbox 631 478 712 544; x_wconf 88' lang='lat' dir='ltr'>LIB.</span> <span class='ocrx_word' id='word_1_5' title='bbox 740 477 888 543; x_wconf 79' lang='lat' dir='ltr'><strong>xxxvl.</strong></span> 
     </span>
    </p>
   </div>
   <div class='ocr_carea' id='block_1_3' title="bbox 73 714 1258 3222">
    <p class='ocr_par' dir='ltr' id='par_1_3' title="bbox 73 714 1258 3222">
     <span class='ocr_line' id='line_1_3' title="bbox 111 714 1246 800; baseline -0.006 -13"><span class='ocrx_word' id='word_1_6' title='bbox 111 721 159 787; x_wconf 79' lang='lat' dir='ltr'>Fr.</span> <span class='ocrx_word' id='word_1_7' title='bbox 189 721 225 787; x_wconf 87' lang='lat'>1:</span> <span class='ocrx_word' id='word_1_8' title='bbox 261 715 381 800; x_wconf 75' lang='grc' dir='ltr'><strong><em>ὕστερον</em></strong></span> <span class='ocrx_word' id='word_1_9' title='bbox 405 720 432 784; x_wconf 79' lang='grc' dir='ltr'>δ’</span> <span class='ocrx_word' id='word_1_10' title='bbox 455 718 548 785; x_wconf 81' lang='grc' dir='ltr'><strong><em>αὐτὸν</em></strong></span> <span class='ocrx_word' id='word_1_11' title='bbox 572 718 759 799; x_wconf 84' lang='grc' dir='ltr'><strong><em>Ἰουγούρθαν</em></strong></span> <span class='ocrx_word' id='word_1_12' title='bbox 783 715 1002 800; x_wconf 66' lang='grc' dir='ltr'>συλληφθέντα</span> <span class='ocrx_word' id='word_1_13' title='bbox 1026 717 1083 780; x_wconf 82' lang='grc' dir='ltr'>ὑπὸ</span> <span class='ocrx_word' id='word_1_14' title='bbox 1106 714 1246 796; x_wconf 79' lang='grc' dir='ltr'><strong><em>Βόκχον,</em></strong></span> 
     </span>
     <span class='ocr_line' id='line_1_4' title="bbox 73 833 1248 924; baseline -0.002 -20"><span class='ocrx_word' id='word_1_15' title='bbox 73 840 140 908; x_wconf 73' lang='grc' dir='ltr'><strong><em>οἷστε</em></strong></span> <span class='ocrx_word' id='word_1_16' title='bbox 169 850 279 924; x_wconf 79' lang='grc' dir='ltr'><strong><em>τυχεῖν</em></strong></span> <span class='ocrx_word' id='word_1_17' title='bbox 310 840 500 918; x_wconf 72' lang='grc' dir='ltr'><strong><em>συγγνώμης</em></strong></span> <span class='ocrx_word' id='word_1_18' title='bbox 533 843 618 921; x_wconf 77' lang='grc' dir='ltr'><strong><em>παρα</em></strong></span> <span class='ocrx_word' id='word_1_19' title='bbox 650 839 806 918; x_wconf 73' lang='grc' dir='ltr'><strong><em>Ῥωμαίων</em></strong></span> <span class='ocrx_word' id='word_1_20' title='bbox 837 837 910 920; x_wconf 77' lang='grc' dir='ltr'><strong><em>ὑπὲρ</em></strong></span> <span class='ocrx_word' id='word_1_21' title='bbox 942 833 980 902; x_wconf 76' lang='grc' dir='ltr'>νῦν</span> <span class='ocrx_word' id='word_1_22' title='bbox 1014 839 1156 911; x_wconf 79' lang='grc' dir='ltr'><strong><em>αὐτοῖς</em></strong></span> <span class='ocrx_word' id='word_1_23' title='bbox 1191 861 1248 902; x_wconf 83' lang='grc' dir='ltr'><strong><em>ιιοι·</em></strong></span> 
     </span>
     <span class='ocr_line' id='line_1_5' title="bbox 75 955 1249 1050; baseline -0.001 -25"><span class='ocrx_word' id='word_1_24' title='bbox 75 963 156 1037; x_wconf 79' lang='grc' dir='ltr'><strong><em>τέσση</em></strong></span> <span class='ocrx_word' id='word_1_25' title='bbox 189 963 262 1043; x_wconf 81' lang='grc' dir='ltr'><strong><em>πρὸς</em></strong></span> <span class='ocrx_word' id='word_1_26' title='bbox 293 962 438 1040; x_wconf 80' lang='grc' dir='ltr'><strong><em>πόλεμον.</em></strong></span> <span class='ocrx_word' id='word_1_27' title='bbox 486 959 580 1025; x_wconf 88' lang='lat' dir='ltr'>Haud</span> <span class='ocrx_word' id='word_1_28' title='bbox 609 959 717 1050; x_wconf 90' lang='lat' dir='ltr'>paullo</span> <span class='ocrx_word' id='word_1_29' title='bbox 740 960 856 1024; x_wconf 90' lang='lat' dir='ltr'>rectius</span> <span class='ocrx_word' id='word_1_30' title='bbox 879 958 1085 1024; x_wconf 85' lang='lat' dir='ltr'>scriberetur:</span> <span class='ocrx_word' id='word_1_31' title='bbox 1114 959 1186 1039; x_wconf 81' lang='grc' dir='ltr'><strong><em>ὑπὲρ</em></strong></span> <span class='ocrx_word' id='word_1_32' title='bbox 1209 955 1249 1024; x_wconf 80' lang='grc' dir='ltr'><strong><em>ὧν</em></strong></span> 
     </span>
     <span class='ocr_line' id='line_1_6' title="bbox 76 1079 1248 1168; baseline -0.006 -19"><span class='ocrx_word' id='word_1_33' title='bbox 76 1085 186 1154; x_wconf 80' lang='grc' dir='ltr'><strong><em>αὐτὸς</em></strong></span> <span class='ocrx_word' id='word_1_34' title='bbox 219 1083 359 1153; x_wconf 80' lang='grc' dir='ltr'><strong><em>αὐτοῖς</em></strong></span> <span class='ocrx_word' id='word_1_35' title='bbox 388 1081 523 1155; x_wconf 85' lang='grc' dir='ltr'><strong><em>κατέστη</em></strong></span> <span class='ocrx_word' id='word_1_36' title='bbox 555 1081 628 1161; x_wconf 76' lang='grc' dir='ltr'><strong><em>πρὸς</em></strong></span> <span class='ocrx_word' id='word_1_37' title='bbox 656 1079 809 1159; x_wconf 78' lang='grc' dir='ltr'><strong><em>πόλεμον,</em></strong></span> <span class='ocrx_word' id='word_1_38' title='bbox 831 1103 906 1145; x_wconf 87' lang='lat' dir='ltr'>uam</span> <span class='ocrx_word' id='word_1_39' title='bbox 930 1079 1074 1144; x_wconf 84' lang='lat' dir='ltr'>Bocchus</span> <span class='ocrx_word' id='word_1_40' title='bbox 1094 1101 1132 1145; x_wconf 88' lang='lat' dir='ltr'>eo</span> <span class='ocrx_word' id='word_1_41' title='bbox 1156 1091 1248 1168; x_wconf 87' lang='lat' dir='ltr'>pacto</span> 
     </span>
     <span class='ocr_line' id='line_1_7' title="bbox 76 1199 1250 1290; baseline -0.003 -22"><span class='ocrx_word' id='word_1_42' title='bbox 76 1225 206 1268; x_wconf 78' lang='lat' dir='ltr'>socerum</span> <span class='ocrx_word' id='word_1_43' title='bbox 231 1202 380 1268; x_wconf 86' lang='lat' dir='ltr'>Romanis</span> <span class='ocrx_word' id='word_1_44' title='bbox 403 1200 567 1266; x_wconf 70' lang='lat' dir='ltr'><strong>tradidisse</strong></span> <span class='ocrx_word' id='word_1_45' title='bbox 586 1213 751 1279; x_wconf 77' lang='lat' dir='ltr'>narratur,</span> <span class='ocrx_word' id='word_1_46' title='bbox 777 1213 812 1265; x_wconf 91' lang='lat' dir='ltr'>ut</span> <span class='ocrx_word' id='word_1_47' title='bbox 831 1201 892 1266; x_wconf 89' lang='lat' dir='ltr'>sibi</span> <span class='ocrx_word' id='word_1_48' title='bbox 907 1201 1145 1290; x_wconf 73' lang='lat' dir='ltr'>ignoscerentur</span> <span class='ocrx_word' id='word_1_49' title='bbox 1165 1199 1250 1266; x_wconf 87' lang='lat' dir='ltr'>iuiu-</span> 
     </span>
     <span class='ocr_line' id='line_1_8' title="bbox 77 1320 1248 1411; baseline 0.001 -24"><span class='ocrx_word' id='word_1_50' title='bbox 77 1323 214 1406; x_wconf 61' lang='lat' dir='ltr'>riae„ob</span> <span class='ocrx_word' id='word_1_51' title='bbox 235 1345 312 1411; x_wconf 89' lang='lat' dir='ltr'>quas</span> <span class='ocrx_word' id='word_1_52' title='bbox 337 1325 413 1411; x_wconf 82' lang='lat' dir='ltr'>ipse</span> <span class='ocrx_word' id='word_1_53' title='bbox 434 1320 616 1410; x_wconf 86' lang='lat' dir='ltr'>(opponitur</span> <span class='ocrx_word' id='word_1_54' title='bbox 635 1320 818 1410; x_wconf 76' lang='lat' dir='ltr'>Iugurthae)</span> <span class='ocrx_word' id='word_1_55' title='bbox 839 1321 1046 1388; x_wconf 86' lang='lat' dir='ltr'>bellumcum</span> <span class='ocrx_word' id='word_1_56' title='bbox 1059 1321 1095 1386; x_wconf 91' lang='lat' dir='ltr'>iis</span> <span class='ocrx_word' id='word_1_57' title='bbox 1108 1320 1248 1410; x_wconf 77' lang='lat' dir='ltr'>gerebat.</span> 
     </span>
     <span class='ocr_line' id='line_1_9' title="bbox 77 1438 1252 1532; baseline 0 -24"><span class='ocrx_word' id='word_1_58' title='bbox 77 1443 117 1508; x_wconf 88' lang='lat' dir='ltr'>lb.</span> <span class='ocrx_word' id='word_1_59' title='bbox 148 1467 190 1509; x_wconf 83' lang='lat' dir='ltr'>rs.</span> <span class='ocrx_word' id='word_1_60' title='bbox 217 1447 239 1508; x_wconf 82' lang='lat'>6</span> <span class='ocrx_word' id='word_1_61' title='bbox 264 1444 421 1532; x_wconf 87' lang='lat' dir='ltr'>corrigas:</span> <span class='ocrx_word' id='word_1_62' title='bbox 453 1438 522 1511; x_wconf 73' lang='grc' dir='ltr'><strong><em>ἧκόν</em></strong></span> <span class='ocrx_word' id='word_1_63' title='bbox 545 1467 624 1516; x_wconf 88' lang='grc' dir='ltr'><strong><em>τινες</em></strong></span> <span class='ocrx_word' id='word_1_64' title='bbox 648 1444 859 1521; x_wconf 69' lang='grc' dir='ltr'>ἀγγελοῦντες</span> <span class='ocrx_word' id='word_1_65' title='bbox 883 1466 941 1532; x_wconf 91' lang='lat' dir='ltr'>pro</span> <span class='ocrx_word' id='word_1_66' title='bbox 964 1444 1196 1522; x_wconf 70' lang='grc' dir='ltr'><strong><em>ἀγγέλλοντες,</em></strong></span> <span class='ocrx_word' id='word_1_67' title='bbox 1220 1454 1252 1508; x_wconf 88' lang='lat' dir='ltr'>et</span> 
     </span>
     <span class='ocr_line' id='line_1_10' title="bbox 78 1563 1252 1654; baseline 0 -26"><span class='ocrx_word' id='word_1_68' title='bbox 78 1588 115 1628; x_wconf 81' lang='lat' dir='ltr'>rs.</span> <span class='ocrx_word' id='word_1_69' title='bbox 138 1569 155 1628; x_wconf 90' lang='lat'>7</span> <span class='ocrx_word' id='word_1_70' title='bbox 179 1575 337 1652; x_wconf 84' lang='lat' dir='ltr'>expuncta</span> <span class='ocrx_word' id='word_1_71' title='bbox 362 1564 611 1654; x_wconf 82' lang='lat' dir='ltr'>praepositione:</span> <span class='ocrx_word' id='word_1_72' title='bbox 634 1563 694 1650; x_wconf 88' lang='grc' dir='ltr'><strong><em>[έν]</em></strong></span> <span class='ocrx_word' id='word_1_73' title='bbox 716 1574 817 1647; x_wconf 75' lang='grc' dir='ltr'><strong><em>πολλῇ</em></strong></span> <span class='ocrx_word' id='word_1_74' title='bbox 837 1564 1013 1644; x_wconf 75' lang='grc' dir='ltr'><strong><em>περιστάσει</em></strong></span> <span class='ocrx_word' id='word_1_75' title='bbox 1032 1566 1066 1629; x_wconf 79' lang='grc' dir='ltr'><strong><em>τὸ</em></strong></span> <span class='ocrx_word' id='word_1_76' title='bbox 1085 1563 1252 1643; x_wconf 73' lang='grc' dir='ltr'><strong><em>Ῥωμαϊκὸν</em></strong></span> 
     </span>
     <span class='ocr_line' id='line_1_11' title="bbox 77 1683 1253 1773; baseline 0.001 -25"><span class='ocrx_word' id='word_1_77' title='bbox 77 1683 152 1749; x_wconf 72' lang='grc' dir='ltr'><strong><em>ἔσαν</em></strong></span> <span class='ocrx_word' id='word_1_78' title='bbox 181 1684 386 1766; x_wconf 78' lang='grc' dir='ltr'><strong><em>συνεχόμενον</em></strong></span> <span class='ocrx_word' id='word_1_79' title='bbox 409 1683 549 1752; x_wconf 75' lang='grc' dir='ltr'><strong><em>διετέλει.</em></strong></span> <span class='ocrx_word' id='word_1_80' title='bbox 598 1685 732 1750; x_wconf 91' lang='lat' dir='ltr'>Locutio</span> <span class='ocrx_word' id='word_1_81' title='bbox 756 1685 939 1766; x_wconf 79' lang='grc' dir='ltr'><strong><em>συνέχεσθαι</em></strong></span> <span class='ocrx_word' id='word_1_82' title='bbox 964 1707 1036 1750; x_wconf 89' lang='lat' dir='ltr'>curn</span> <span class='ocrx_word' id='word_1_83' title='bbox 1061 1684 1134 1750; x_wconf 84' lang='lat' dir='ltr'>Dat.</span> <span class='ocrx_word' id='word_1_84' title='bbox 1160 1685 1253 1773; x_wconf 86' lang='lat' dir='ltr'>igno·</span> 
     </span>
     <span class='ocr_line' id='line_1_12' title="bbox 78 1803 1253 1894; baseline -0.001 -24"><span class='ocrx_word' id='word_1_85' title='bbox 78 1819 167 1884; x_wconf 89' lang='lat' dir='ltr'>ratur,</span> <span class='ocrx_word' id='word_1_86' title='bbox 200 1806 332 1894; x_wconf 89' lang='lat' dir='ltr'>opinor,</span> <span class='ocrx_word' id='word_1_87' title='bbox 361 1828 379 1868; x_wconf 94' lang='lat' dir='ltr'>a</span> <span class='ocrx_word' id='word_1_88' title='bbox 410 1805 551 1884; x_wconf 88' lang='lat' dir='ltr'>nemine;</span> <span class='ocrx_word' id='word_1_89' title='bbox 588 1803 642 1870; x_wconf 91' lang='lat' dir='ltr'>sed</span> <span class='ocrx_word' id='word_1_90' title='bbox 666 1805 744 1870; x_wconf 89' lang='lat' dir='ltr'>scire</span> <span class='ocrx_word' id='word_1_91' title='bbox 767 1804 879 1882; x_wconf 83' lang='lat' dir='ltr'>velim,</span> <span class='ocrx_word' id='word_1_92' title='bbox 904 1805 1068 1870; x_wconf 82' lang='lat' dir='ltr'>cuiusnam</span> <span class='ocrx_word' id='word_1_93' title='bbox 1092 1806 1131 1870; x_wconf 89' lang='lat' dir='ltr'>sit</span> <span class='ocrx_word' id='word_1_94' title='bbox 1154 1805 1253 1870; x_wconf 83' lang='lat' dir='ltr'>Grae·</span> 
     </span>
     <span class='ocr_line' id='line_1_13' title="bbox 78 1918 1252 2009; baseline 0.003 -20"><span class='ocrx_word' id='word_1_95' title='bbox 78 1927 167 1992; x_wconf 87' lang='lat' dir='ltr'>citatis</span> <span class='ocrx_word' id='word_1_96' title='bbox 186 1926 342 1993; x_wconf 85' lang='lat' dir='ltr'>scribere:</span> <span class='ocrx_word' id='word_1_97' title='bbox 376 1927 558 2009; x_wconf 73' lang='grc' dir='ltr'><strong><em>συνέχεσθαι</em></strong></span> <span class='ocrx_word' id='word_1_98' title='bbox 582 1927 612 1989; x_wconf 85' lang='grc' dir='ltr'><strong><em>ἐν</em></strong></span> <span class='ocrx_word' id='word_1_99' title='bbox 625 1918 738 2006; x_wconf 74' lang='grc' dir='ltr'><strong><em>αυτῷ,</em></strong></span> <span class='ocrx_word' id='word_1_100' title='bbox 762 1926 793 1989; x_wconf 87' lang='grc' dir='ltr'><strong><em>έν</em></strong></span> <span class='ocrx_word' id='word_1_101' title='bbox 816 1931 978 2009; x_wconf 75' lang='grc' dir='ltr'><strong><em>συμφορᾷ,</em></strong></span> <span class='ocrx_word' id='word_1_102' title='bbox 1002 1927 1033 1990; x_wconf 81' lang='grc' dir='ltr'><strong><em>ἐν</em></strong></span> <span class='ocrx_word' id='word_1_103' title='bbox 1054 1925 1252 2008; x_wconf 83' lang='grc' dir='ltr'><strong><em>τεριστούσει,</em></strong></span> 
     </span>
     <span class='ocr_line' id='line_1_14' title="bbox 80 2045 1254 2137; baseline 0.003 -29"><span class='ocrx_word' id='word_1_104' title='bbox 80 2047 192 2112; x_wconf 83' lang='lat' dir='ltr'>similia.</span> <span class='ocrx_word' id='word_1_105' title='bbox 243 2047 339 2112; x_wconf 81' lang='lat' dir='ltr'>Error</span> <span class='ocrx_word' id='word_1_106' title='bbox 362 2047 484 2136; x_wconf 89' lang='lat' dir='ltr'>saepius</span> <span class='ocrx_word' id='word_1_107' title='bbox 507 2047 570 2111; x_wconf 90' lang='lat' dir='ltr'>iarn</span> <span class='ocrx_word' id='word_1_108' title='bbox 595 2047 764 2135; x_wconf 87' lang='lat' dir='ltr'>castigatus</span> <span class='ocrx_word' id='word_1_109' title='bbox 790 2045 894 2112; x_wconf 85' lang='lat' dir='ltr'>denuo</span> <span class='ocrx_word' id='word_1_110' title='bbox 918 2049 1094 2137; x_wconf 80' lang='lat' dir='ltr'>corrigatur</span> <span class='ocrx_word' id='word_1_111' title='bbox 1116 2071 1161 2112; x_wconf 81' lang='lat' dir='ltr'>rs.</span> <span class='ocrx_word' id='word_1_112' title='bbox 1188 2053 1254 2128; x_wconf 86' lang='lat'>32,</span> 
     </span>
     <span class='ocr_line' id='line_1_15' title="bbox 83 2166 1252 2257; baseline 0.003 -27"><span class='ocrx_word' id='word_1_113' title='bbox 83 2167 128 2232; x_wconf 83' lang='lat' dir='ltr'>ubi</span> <span class='ocrx_word' id='word_1_114' title='bbox 153 2168 288 2257; x_wconf 89' lang='lat' dir='ltr'>legitur:</span> <span class='ocrx_word' id='word_1_115' title='bbox 322 2169 414 2249; x_wconf 77' lang='grc' dir='ltr'><strong><em>πρὸς</em></strong></span> <span class='ocrx_word' id='word_1_116' title='bbox 445 2166 539 2248; x_wconf 76' lang='grc' dir='ltr'><strong><em>οὶγρύν</em></strong></span> <span class='ocrx_word' id='word_1_117' title='bbox 570 2191 639 2232; x_wconf 90' lang='grc' dir='ltr'><strong><em>τινα</em></strong></span> <span class='ocrx_word' id='word_1_118' title='bbox 664 2167 883 2250; x_wconf 66' lang='grc' dir='ltr'>παρακομίσας</span> <span class='ocrx_word' id='word_1_119' title='bbox 906 2191 963 2257; x_wconf 91' lang='lat' dir='ltr'>pro</span> <span class='ocrx_word' id='word_1_120' title='bbox 987 2169 1044 2242; x_wconf 81' lang='grc' dir='ltr'>εἰς</span> <span class='ocrx_word' id='word_1_121' title='bbox 1068 2171 1163 2249; x_wconf 66' lang='lat' dir='ltr'>typos</span> <span class='ocrx_word' id='word_1_122' title='bbox 1187 2171 1252 2235; x_wconf 86' lang='grc' dir='ltr'><strong><em>κτέ.</em></strong></span> 
     </span>
     <span class='ocr_line' id='line_1_16' title="bbox 83 2287 1254 2378; baseline 0.005 -28"><span class='ocrx_word' id='word_1_123' title='bbox 83 2287 143 2352; x_wconf 83' lang='lat' dir='ltr'>Non</span> <span class='ocrx_word' id='word_1_124' title='bbox 174 2311 274 2377; x_wconf 89' lang='lat' dir='ltr'>aeque</span> <span class='ocrx_word' id='word_1_125' title='bbox 305 2288 405 2354; x_wconf 83' lang='lat' dir='ltr'>facilis</span> <span class='ocrx_word' id='word_1_126' title='bbox 437 2300 484 2353; x_wconf 92' lang='lat' dir='ltr'>est</span> <span class='ocrx_word' id='word_1_127' title='bbox 507 2287 684 2354; x_wconf 86' lang='lat' dir='ltr'>emendatio</span> <span class='ocrx_word' id='word_1_128' title='bbox 711 2288 876 2354; x_wconf 79' lang='lat' dir='ltr'>verborum</span> <span class='ocrx_word' id='word_1_129' title='bbox 898 2288 1175 2378; x_wconf 88' lang='lat' dir='ltr'>praecedentium:</span> <span class='ocrx_word' id='word_1_130' title='bbox 1202 2291 1254 2356; x_wconf 76' lang='grc' dir='ltr'>καὶ</span> 
     </span>
     <span class='ocr_line' id='line_1_17' title="bbox 82 2406 1254 2497; baseline 0.003 -24"><span class='ocrx_word' id='word_1_131' title='bbox 82 2409 174 2486; x_wconf 82' lang='grc' dir='ltr'><strong><em>ηρθνον</em></strong></span> <span class='ocrx_word' id='word_1_132' title='bbox 210 2417 265 2484; x_wconf 80' lang='grc' dir='ltr'>τῆς</span> <span class='ocrx_word' id='word_1_133' title='bbox 296 2417 391 2487; x_wconf 73' lang='grc' dir='ltr'><strong><em>τιμῆς</em></strong></span> <span class='ocrx_word' id='word_1_134' title='bbox 422 2406 578 2484; x_wconf 70' lang='grc' dir='ltr'><strong><em>συντάξας</em></strong></span> <span class='ocrx_word' id='word_1_135' title='bbox 610 2409 693 2484; x_wconf 62' lang='lat' dir='ltr'>xri„</span> <span class='ocrx_word' id='word_1_136' title='bbox 725 2431 806 2497; x_wconf 87' lang='lat' dir='ltr'>quae</span> <span class='ocrx_word' id='word_1_137' title='bbox 837 2409 881 2475; x_wconf 90' lang='lat' dir='ltr'>sic</span> <span class='ocrx_word' id='word_1_138' title='bbox 912 2409 1083 2476; x_wconf 87' lang='lat' dir='ltr'>ediderim:</span> <span class='ocrx_word' id='word_1_139' title='bbox 1106 2411 1158 2476; x_wconf 80' lang='lat' dir='ltr'>sori</span> <span class='ocrx_word' id='word_1_140' title='bbox 1181 2411 1254 2494; x_wconf 78' lang='grc' dir='ltr'><strong><em>χρθ·</em></strong></span> 
     </span>
     <span class='ocr_line' id='line_1_18' title="bbox 82 2503 1254 2616; baseline 0.007 -26"><span class='ocrx_word' id='word_1_141' title='bbox 82 2551 119 2592; x_wconf 90' lang='grc' dir='ltr'><strong><em>νοι</em></strong></span> <span class='ocrx_word' id='word_1_142' title='bbox 150 2583 165 2614; x_wconf 32' lang='lat' dir='ltr'>q</span> <span class='ocrx_word' id='word_1_143' title='bbox 181 2589 193 2615; x_wconf 65' lang='grc'><strong><em>,</em></strong></span> <span class='ocrx_word' id='word_1_144' title='bbox 209 2585 225 2616; x_wconf 41' lang='lat' dir='ltr'>g</span> <span class='ocrx_word' id='word_1_145' title='bbox 250 2539 307 2604; x_wconf 70' lang='grc' dir='ltr'>τῆς</span> <span class='ocrx_word' id='word_1_146' title='bbox 329 2537 421 2608; x_wconf 77' lang='grc' dir='ltr'><strong><em>τιμῆς</em></strong></span> <span class='ocrx_word' id='word_1_147' title='bbox 446 2526 614 2603; x_wconf 72' lang='grc' dir='ltr'><strong><em>συντάξας.</em></strong></span> <span class='ocrx_word' id='word_1_148' title='bbox 664 2528 789 2594; x_wconf 77' lang='lat' dir='ltr'>Erincit</span> <span class='ocrx_word' id='word_1_149' title='bbox 809 2503 897 2592; x_wconf 89' lang='lat' dir='ltr'>euim</span> <span class='ocrx_word' id='word_1_150' title='bbox 921 2542 1084 2596; x_wconf 81' lang='lat' dir='ltr'>contextus</span> <span class='ocrx_word' id='word_1_151' title='bbox 1106 2529 1254 2598; x_wconf 82' lang='lat' dir='ltr'>excidisse</span> 
     </span>
     <span class='ocr_line' id='line_1_19' title="bbox 84 2647 1257 2740; baseline 0.005 -29"><span class='ocrx_word' id='word_1_152' title='bbox 84 2648 189 2737; x_wconf 89' lang='lat' dir='ltr'>aliquid</span> <span class='ocrx_word' id='word_1_153' title='bbox 213 2649 367 2715; x_wconf 89' lang='lat' dir='ltr'>eiusmodi</span> <span class='ocrx_word' id='word_1_154' title='bbox 391 2649 485 2738; x_wconf 85' lang='lat' dir='ltr'>quale</span> <span class='ocrx_word' id='word_1_155' title='bbox 505 2661 572 2718; x_wconf 82' lang='lat' dir='ltr'>est:</span> <span class='ocrx_word' id='word_1_156' title='bbox 600 2648 671 2728; x_wconf 80' lang='grc' dir='ltr'><strong><em>πρὸς</em></strong></span> <span class='ocrx_word' id='word_1_157' title='bbox 695 2650 751 2724; x_wconf 79' lang='grc' dir='ltr'>την</span> <span class='ocrx_word' id='word_1_158' title='bbox 771 2649 926 2714; x_wconf 79' lang='grc' dir='ltr'><strong><em>οὶπύθοσιυ.</em></strong></span> <span class='ocrx_word' id='word_1_159' title='bbox 975 2647 1093 2715; x_wconf 78' lang='lat' dir='ltr'>Contra</span> <span class='ocrx_word' id='word_1_160' title='bbox 1115 2651 1257 2740; x_wconf 89' lang='lat' dir='ltr'>impense</span> 
     </span>
     <span class='ocr_line' id='line_1_20' title="bbox 83 2769 1255 2859; baseline 0.006 -29"><span class='ocrx_word' id='word_1_161' title='bbox 83 2769 169 2834; x_wconf 89' lang='lat' dir='ltr'>miror</span> <span class='ocrx_word' id='word_1_162' title='bbox 198 2769 340 2836; x_wconf 89' lang='lat' dir='ltr'>nondum</span> <span class='ocrx_word' id='word_1_163' title='bbox 372 2771 549 2836; x_wconf 85' lang='lat' dir='ltr'>restitutam</span> <span class='ocrx_word' id='word_1_164' title='bbox 580 2793 645 2834; x_wconf 89' lang='lat' dir='ltr'>esse</span> <span class='ocrx_word' id='word_1_165' title='bbox 676 2770 834 2859; x_wconf 88' lang='lat' dir='ltr'>scriptoris</span> <span class='ocrx_word' id='word_1_166' title='bbox 860 2793 991 2836; x_wconf 90' lang='lat' dir='ltr'>manum</span> <span class='ocrx_word' id='word_1_167' title='bbox 1014 2773 1047 2836; x_wconf 92' lang='lat' dir='ltr'>iu</span> <span class='ocrx_word' id='word_1_168' title='bbox 1070 2771 1118 2836; x_wconf 89' lang='lat' dir='ltr'>his</span> <span class='ocrx_word' id='word_1_169' title='bbox 1142 2792 1186 2837; x_wconf 79' lang='lat' dir='ltr'>rs,</span> <span class='ocrx_word' id='word_1_170' title='bbox 1214 2777 1255 2838; x_wconf 78' lang='lat'>35</span> 
     </span>
     <span class='ocr_line' id='line_1_21' title="bbox 83 2887 1255 2989; baseline 0.004 -38"><span class='ocrx_word' id='word_1_171' title='bbox 83 2887 121 2972; x_wconf 88' lang='lat' dir='ltr'>(ii</span> <span class='ocrx_word' id='word_1_172' title='bbox 151 2893 168 2974; x_wconf 90' lang='lat'>§</span> <span class='ocrx_word' id='word_1_173' title='bbox 202 2893 258 2977; x_wconf 66' lang='lat' dir='ltr'>ii:</span> <span class='ocrx_word' id='word_1_174' title='bbox 292 2890 429 2968; x_wconf 68' lang='grc' dir='ltr'><strong><em>διάδημα</em></strong></span> <span class='ocrx_word' id='word_1_175' title='bbox 461 2889 513 2956; x_wconf 77' lang='grc' dir='ltr'><strong><em>καὶ</em></strong></span> <span class='ocrx_word' id='word_1_176' title='bbox 546 2889 740 2970; x_wconf 81' lang='grc' dir='ltr'><strong><em>περιβόλαιον</em></strong></span> <span class='ocrx_word' id='word_1_177' title='bbox 774 2895 944 2973; x_wconf 78' lang='grc' dir='ltr'><strong><em>πορφυροῦν</em></strong></span> <span class='ocrx_word' id='word_1_178' title='bbox 978 2893 1031 2957; x_wconf 80' lang='grc' dir='ltr'><strong><em>καὶ</em></strong></span> <span class='ocrx_word' id='word_1_179' title='bbox 1062 2893 1255 2989; x_wconf 71' lang='grc' dir='ltr'><strong><em>ῥαβδούχους</em></strong></span> 
     </span>
     <span class='ocr_line' id='line_1_22' title="bbox 82 3007 1253 3099; baseline 0.007 -30"><span class='ocrx_word' id='word_1_180' title='bbox 82 3008 127 3070; x_wconf 83' lang='grc' dir='ltr'>κού</span> <span class='ocrx_word' id='word_1_181' title='bbox 157 3007 266 3075; x_wconf 74' lang='grc' dir='ltr'><strong><em>τᾶλλα</em></strong></span> <span class='ocrx_word' id='word_1_182' title='bbox 289 3013 448 3089; x_wconf 87' lang='grc' dir='ltr'><strong><em>εύσημα</em></strong></span> <span class='ocrx_word' id='word_1_183' title='bbox 472 3018 527 3085; x_wconf 76' lang='grc' dir='ltr'>τῆς</span> <span class='ocrx_word' id='word_1_184' title='bbox 551 3011 662 3091; x_wconf 67' lang='grc' dir='ltr'><strong><em>αρχῆς.</em></strong></span> <span class='ocrx_word' id='word_1_185' title='bbox 711 3009 857 3099; x_wconf 87' lang='lat' dir='ltr'>Namque</span> <span class='ocrx_word' id='word_1_186' title='bbox 880 3010 1085 3078; x_wconf 85' lang='lat' dir='ltr'>hauddubie</span> <span class='ocrx_word' id='word_1_187' title='bbox 1108 3012 1253 3079; x_wconf 86' lang='lat' dir='ltr'>dederat:</span> 
     </span>
     <span class='ocr_line' id='line_1_23' title="bbox 82 3129 1258 3222; baseline 0.005 -30"><span class='ocrx_word' id='word_1_188' title='bbox 82 3129 126 3192; x_wconf 76' lang='grc' dir='ltr'>καὶ</span> <span class='ocrx_word' id='word_1_189' title='bbox 148 3129 256 3198; x_wconf 73' lang='grc' dir='ltr'><strong><em>τᾶλλα</em></strong></span> <span class='ocrx_word' id='word_1_190' title='bbox 281 3131 473 3208; x_wconf 92' lang='grc' dir='ltr'><strong><em>σύσσημα</em></strong></span> <span class='ocrx_word' id='word_1_191' title='bbox 496 3137 551 3205; x_wconf 77' lang='grc' dir='ltr'>τῆς</span> <span class='ocrx_word' id='word_1_192' title='bbox 576 3131 676 3211; x_wconf 69' lang='grc' dir='ltr'><strong><em>ἀρχῆς</em></strong></span> <span class='ocrx_word' id='word_1_193' title='bbox 699 3130 722 3196; x_wconf 89' lang='lat' dir='ltr'>i.</span> <span class='ocrx_word' id='word_1_194' title='bbox 744 3153 773 3195; x_wconf 92' lang='lat' dir='ltr'>e.</span> <span class='ocrx_word' id='word_1_195' title='bbox 795 3133 988 3220; x_wconf 77' lang='lat' dir='ltr'>etreliqua</span> <span class='ocrx_word' id='word_1_196' title='bbox 1004 3133 1258 3222; x_wconf 77' lang='lat' dir='ltr'>regiaedt&#39;gm&#39;·</span> 
     </span>
    </p>
   </div>
   <div class='ocr_carea' id='block_1_4' title="bbox 19 3227 1259 3344">
    <p class='ocr_par' dir='ltr' id='par_1_4' title="bbox 19 3227 1259 3344">
     <span class='ocr_line' id='line_1_24' title="bbox 19 3227 1259 3344; baseline 0.011 -37"><span class='ocrx_word' id='word_1_197' title='bbox 19 3227 20 3288; x_wconf 69' lang='lat' dir='ltr'>i</span> <span class='ocrx_word' id='word_1_198' title='bbox 80 3255 165 3315; x_wconf 80' lang='lat' dir='ltr'>tatis</span> <span class='ocrx_word' id='word_1_199' title='bbox 195 3255 378 3341; x_wconf 80' lang='lat' dir='ltr'>insignia,·</span> <span class='ocrx_word' id='word_1_200' title='bbox 412 3249 680 3340; x_wconf 84' lang='lat' dir='ltr'>quemadmodum</span> <span class='ocrx_word' id='word_1_201' title='bbox 706 3251 739 3314; x_wconf 90' lang='lat' dir='ltr'>iu</span> <span class='ocrx_word' id='word_1_202' title='bbox 768 3251 826 3318; x_wconf 69' lang='lat' dir='ltr'>tib.</span> <span class='ocrx_word' id='word_1_203' title='bbox 852 3252 868 3317; x_wconf 94' lang='lat' dir='ltr'>I</span> <span class='ocrx_word' id='word_1_204' title='bbox 897 3275 967 3342; x_wconf 88' lang='lat' dir='ltr'>cap.</span> <span class='ocrx_word' id='word_1_205' title='bbox 993 3257 1036 3320; x_wconf 83' lang='lat'>70</span> <span class='ocrx_word' id='word_1_206' title='bbox 1059 3252 1098 3318; x_wconf 90' lang='lat' dir='ltr'>de</span> <span class='ocrx_word' id='word_1_207' title='bbox 1123 3253 1259 3344; x_wconf 72' lang='lat' dir='ltr'>Aegypti</span> 
     </span>
    </p>
   </div>
   <div class='ocr_carea' id='block_1_5' title="bbox 19 3369 1260 4750">
    <p class='ocr_par' dir='ltr' id='par_1_5' title="bbox 19 3369 1258 3823">
     <span class='ocr_line' id='line_1_25' title="bbox 19 3369 1258 3460; baseline 0.002 -23"><span class='ocrx_word' id='word_1_208' title='bbox 19 3383 20 3404; x_wconf 67' lang='lat'>¹</span> <span class='ocrx_word' id='word_1_209' title='bbox 81 3372 197 3458; x_wconf 76' lang='lat' dir='ltr'>regibus</span> <span class='ocrx_word' id='word_1_210' title='bbox 229 3395 303 3438; x_wconf 89' lang='lat' dir='ltr'>eum</span> <span class='ocrx_word' id='word_1_211' title='bbox 334 3372 489 3460; x_wconf 85' lang='lat' dir='ltr'>scripsisse</span> <span class='ocrx_word' id='word_1_212' title='bbox 521 3383 659 3436; x_wconf 88' lang='lat' dir='ltr'>constat:</span> <span class='ocrx_word' id='word_1_213' title='bbox 694 3369 805 3438; x_wconf 83' lang='grc' dir='ltr'><strong><em>ἔπειτα</em></strong></span> <span class='ocrx_word' id='word_1_214' title='bbox 832 3372 1020 3452; x_wconf 69' lang='grc' dir='ltr'><strong><em>λουσάμενον</em></strong></span> <span class='ocrx_word' id='word_1_215' title='bbox 1043 3373 1178 3448; x_wconf 74' lang='grc' dir='ltr'><strong><em>καὶτοῖς</em></strong></span> <span class='ocrx_word' id='word_1_216' title='bbox 1202 3384 1258 3451; x_wconf 74' lang='grc' dir='ltr'><strong><em>τοῖς</em></strong></span> 
     </span>
     <span class='ocr_line' id='line_1_26' title="bbox 80 3493 1258 3575; baseline 0.004 -19"><span class='ocrx_word' id='word_1_217' title='bbox 80 3493 173 3574; x_wconf 70' lang='grc' dir='ltr'><strong><em>ἀρχῆς</em></strong></span> <span class='ocrx_word' id='word_1_218' title='bbox 204 3494 432 3572; x_wconf 70' lang='grc' dir='ltr'><strong><em>συσσήμοις</em></strong></span> <span class='ocrx_word' id='word_1_219' title='bbox 462 3493 533 3570; x_wconf 83' lang='grc' dir='ltr'><strong><em>μετ’</em></strong></span> <span class='ocrx_word' id='word_1_220' title='bbox 565 3493 688 3566; x_wconf 75' lang='grc' dir='ltr'><strong><em>ἐσθῆτος</em></strong></span> <span class='ocrx_word' id='word_1_221' title='bbox 711 3495 863 3574; x_wconf 70' lang='grc' dir='ltr'><strong><em>λαμπροῖς</em></strong></span> <span class='ocrx_word' id='word_1_222' title='bbox 886 3495 1088 3572; x_wconf 64' lang='grc' dir='ltr'><strong><em>κοσμήσαντα</em></strong></span> <span class='ocrx_word' id='word_1_223' title='bbox 1108 3494 1143 3558; x_wconf 80' lang='grc' dir='ltr'><strong><em>τὸ</em></strong></span> <span class='ocrx_word' id='word_1_224' title='bbox 1167 3503 1258 3575; x_wconf 78' lang='grc' dir='ltr'><strong><em>σῶμα</em></strong></span> 
     </span>
     <span class='ocr_line' id='line_1_27' title="bbox 19 3611 1258 3704; baseline 0.006 -29"><span class='ocrx_word' id='word_1_225' title='bbox 19 3647 20 3652; x_wconf 42' lang='lat'>1</span> <span class='ocrx_word' id='word_1_226' title='bbox 80 3613 162 3678; x_wconf 87' lang='grc' dir='ltr'><strong><em>θῦσαι</em></strong></span> <span class='ocrx_word' id='word_1_227' title='bbox 192 3622 256 3687; x_wconf 79' lang='grc' dir='ltr'><strong><em>τοῖς</em></strong></span> <span class='ocrx_word' id='word_1_228' title='bbox 286 3614 372 3686; x_wconf 80' lang='grc' dir='ltr'><strong><em>θεοῖς.</em></strong></span> <span class='ocrx_word' id='word_1_229' title='bbox 420 3611 508 3694; x_wconf 89' lang='lat' dir='ltr'>Inter</span> <span class='ocrx_word' id='word_1_230' title='bbox 541 3621 782 3676; x_wconf 83' lang='lat' dir='ltr'>CTCCHMOIC</span> <span class='ocrx_word' id='word_1_231' title='bbox 810 3623 841 3677; x_wconf 91' lang='lat' dir='ltr'>et</span> <span class='ocrx_word' id='word_1_232' title='bbox 867 3621 1083 3679; x_wconf 74' lang='lat' dir='ltr'>ercflmolc</span> <span class='ocrx_word' id='word_1_233' title='bbox 1108 3637 1188 3704; x_wconf 88' lang='lat' dir='ltr'>quae</span> <span class='ocrx_word' id='word_1_234' title='bbox 1211 3618 1258 3682; x_wconf 88' lang='lat' dir='ltr'>in·</span> 
     </span>
     <span class='ocr_line' id='line_1_28' title="bbox 82 3731 1258 3823; baseline 0.008 -28"><span class='ocrx_word' id='word_1_235' title='bbox 82 3733 207 3798; x_wconf 87' lang='lat' dir='ltr'>tercedit</span> <span class='ocrx_word' id='word_1_236' title='bbox 229 3732 406 3800; x_wconf 81' lang='lat' dir='ltr'>differentia</span> <span class='ocrx_word' id='word_1_237' title='bbox 428 3733 463 3798; x_wconf 90' lang='lat' dir='ltr'>in</span> <span class='ocrx_word' id='word_1_238' title='bbox 486 3731 574 3798; x_wconf 81' lang='lat' dir='ltr'>libris</span> <span class='ocrx_word' id='word_1_239' title='bbox 598 3733 735 3821; x_wconf 89' lang='lat' dir='ltr'>antiquis</span> <span class='ocrx_word' id='word_1_240' title='bbox 758 3755 795 3798; x_wconf 90' lang='lat' dir='ltr'>eo</span> <span class='ocrx_word' id='word_1_241' title='bbox 819 3733 923 3798; x_wconf 90' lang='lat' dir='ltr'>minor</span> <span class='ocrx_word' id='word_1_242' title='bbox 941 3746 1007 3812; x_wconf 85' lang='lat' dir='ltr'>est,</span> <span class='ocrx_word' id='word_1_243' title='bbox 1033 3735 1118 3823; x_wconf 89' lang='lat' dir='ltr'>quod</span> <span class='ocrx_word' id='word_1_244' title='bbox 1134 3737 1258 3804; x_wconf 89' lang='lat' dir='ltr'>litterae</span> 
     </span>
    </p>

    <p class='ocr_par' dir='ltr' id='par_1_6' title="bbox 19 3851 1260 4663">
     <span class='ocr_line' id='line_1_29' title="bbox 80 3851 1260 3948; baseline 0.009 -33"><span class='ocrx_word' id='word_1_245' title='bbox 80 3867 281 3920; x_wconf 85' lang='lat' dir='ltr'>consonantes</span> <span class='ocrx_word' id='word_1_246' title='bbox 305 3877 323 3917; x_wconf 92' lang='lat' dir='ltr'>a</span> <span class='ocrx_word' id='word_1_247' title='bbox 345 3853 480 3918; x_wconf 84' lang='lat' dir='ltr'>librariis</span> <span class='ocrx_word' id='word_1_248' title='bbox 503 3874 561 3941; x_wconf 90' lang='lat' dir='ltr'>pro</span> <span class='ocrx_word' id='word_1_249' title='bbox 583 3851 688 3917; x_wconf 89' lang='lat' dir='ltr'>lubitu</span> <span class='ocrx_word' id='word_1_250' title='bbox 712 3865 767 3918; x_wconf 85' lang='lat' dir='ltr'>aut</span> <span class='ocrx_word' id='word_1_251' title='bbox 790 3853 886 3920; x_wconf 89' lang='lat' dir='ltr'>semel</span> <span class='ocrx_word' id='word_1_252' title='bbox 909 3854 1004 3921; x_wconf 89' lang='lat' dir='ltr'>scribi</span> <span class='ocrx_word' id='word_1_253' title='bbox 1026 3868 1081 3922; x_wconf 91' lang='lat' dir='ltr'>aut</span> <span class='ocrx_word' id='word_1_254' title='bbox 1104 3856 1260 3948; x_wconf 86' lang='lat' dir='ltr'>duplicari</span> 
     </span>
     <span class='ocr_line' id='line_1_30' title="bbox 19 3953 1259 4069; baseline 0.009 -34"><span class='ocrx_word' id='word_1_255' title='bbox 19 3953 20 3962; x_wconf 10' lang='grc' dir='ltr'><strong><em>θ</em></strong></span> <span class='ocrx_word' id='word_1_256' title='bbox 83 3973 187 4040; x_wconf 83' lang='lat' dir='ltr'>solent.</span> <span class='ocrx_word' id='word_1_257' title='bbox 236 3971 357 4038; x_wconf 84' lang='lat' dir='ltr'>Eodem</span> <span class='ocrx_word' id='word_1_258' title='bbox 390 3996 483 4038; x_wconf 88' lang='lat' dir='ltr'>sensu</span> <span class='ocrx_word' id='word_1_259' title='bbox 517 3971 610 4037; x_wconf 87' lang='lat' dir='ltr'>Diod.</span> <span class='ocrx_word' id='word_1_260' title='bbox 648 3995 721 4038; x_wconf 89' lang='lat' dir='ltr'>usus</span> <span class='ocrx_word' id='word_1_261' title='bbox 756 3987 802 4040; x_wconf 91' lang='lat' dir='ltr'>est</span> <span class='ocrx_word' id='word_1_262' title='bbox 834 3974 894 4042; x_wconf 89' lang='lat' dir='ltr'>alio</span> <span class='ocrx_word' id='word_1_263' title='bbox 926 3977 1055 4042; x_wconf 87' lang='lat' dir='ltr'>nomine</span> <span class='ocrx_word' id='word_1_264' title='bbox 1086 3981 1259 4069; x_wconf 88' lang='lat' dir='ltr'>composito</span> 
     </span>
     <span class='ocr_line' id='line_1_31' title="bbox 82 4091 1258 4181; baseline 0.008 -25"><span class='ocrx_word' id='word_1_265' title='bbox 82 4091 135 4161; x_wconf 87' lang='lat' dir='ltr'>lib.</span> <span class='ocrx_word' id='word_1_266' title='bbox 167 4093 274 4162; x_wconf 76' lang='lat' dir='ltr'><strong>xxxl</strong></span> <span class='ocrx_word' id='word_1_267' title='bbox 296 4093 336 4157; x_wconf 87' lang='lat' dir='ltr'>fr.</span> <span class='ocrx_word' id='word_1_268' title='bbox 362 4091 487 4158; x_wconf 83' lang='lat' dir='ltr'>XXVI:</span> <span class='ocrx_word' id='word_1_269' title='bbox 514 4092 705 4170; x_wconf 76' lang='grc' dir='ltr'><strong><em>κοσμηθέντα</em></strong></span> <span class='ocrx_word' id='word_1_270' title='bbox 727 4102 791 4168; x_wconf 85' lang='grc' dir='ltr'><strong><em>τοῖς</em></strong></span> <span class='ocrx_word' id='word_1_271' title='bbox 815 4101 869 4170; x_wconf 74' lang='grc' dir='ltr'>τῆς</span> <span class='ocrx_word' id='word_1_272' title='bbox 892 4097 1062 4176; x_wconf 73' lang='grc' dir='ltr'><strong><em>βασιλείοις</em></strong></span> <span class='ocrx_word' id='word_1_273' title='bbox 1086 4101 1258 4181; x_wconf 77' lang='grc' dir='ltr'><strong><em>παρασύ-</em></strong></span> 
     </span>
     <span class='ocr_line' id='line_1_32' title="bbox 82 4212 1259 4304; baseline 0.005 -26"><span class='ocrx_word' id='word_1_274' title='bbox 82 4235 171 4288; x_wconf 85' lang='grc' dir='ltr'><strong><em>μοις.</em></strong></span> <span class='ocrx_word' id='word_1_275' title='bbox 218 4213 258 4280; x_wconf 94' lang='lat' dir='ltr'>ln</span> <span class='ocrx_word' id='word_1_276' title='bbox 288 4213 400 4278; x_wconf 83' lang='lat' dir='ltr'>ricinia</span> <span class='ocrx_word' id='word_1_277' title='bbox 432 4212 455 4277; x_wconf 93' lang='lat' dir='ltr'>l.</span> <span class='ocrx_word' id='word_1_278' title='bbox 488 4235 521 4277; x_wconf 89' lang='lat' dir='ltr'>u.</span> <span class='ocrx_word' id='word_1_279' title='bbox 554 4235 611 4302; x_wconf 91' lang='lat' dir='ltr'>pro</span> <span class='ocrx_word' id='word_1_280' title='bbox 642 4214 799 4298; x_wconf 77' lang='grc' dir='ltr'><strong><em>συνεργθρ</em></strong></span> <span class='ocrx_word' id='word_1_281' title='bbox 831 4216 916 4304; x_wconf 93' lang='lat' dir='ltr'>quod</span> <span class='ocrx_word' id='word_1_282' title='bbox 946 4217 1038 4284; x_wconf 87' lang='lat' dir='ltr'>nihili</span> <span class='ocrx_word' id='word_1_283' title='bbox 1067 4232 1132 4297; x_wconf 90' lang='lat' dir='ltr'>est,</span> <span class='ocrx_word' id='word_1_284' title='bbox 1157 4219 1259 4284; x_wconf 90' lang='lat' dir='ltr'>obiter</span> 
     </span>
     <span class='ocr_line' id='line_1_33' title="bbox 84 4334 1258 4429; baseline 0.008 -33"><span class='ocrx_word' id='word_1_285' title='bbox 84 4336 211 4425; x_wconf 87' lang='lat' dir='ltr'>corrigas</span> <span class='ocrx_word' id='word_1_286' title='bbox 242 4334 435 4417; x_wconf 82' lang='grc' dir='ltr'><strong><em>συνεργείρι,</em></strong></span> <span class='ocrx_word' id='word_1_287' title='bbox 465 4347 498 4399; x_wconf 89' lang='lat' dir='ltr'>et</span> <span class='ocrx_word' id='word_1_288' title='bbox 527 4357 599 4423; x_wconf 90' lang='lat' dir='ltr'>pag.</span> <span class='ocrx_word' id='word_1_289' title='bbox 636 4337 700 4400; x_wconf 85' lang='grc'>158</span> <span class='ocrx_word' id='word_1_290' title='bbox 732 4357 776 4399; x_wconf 83' lang='lat' dir='ltr'>vs.</span> <span class='ocrx_word' id='word_1_291' title='bbox 810 4339 848 4400; x_wconf 86' lang='lat'>4:</span> <span class='ocrx_word' id='word_1_292' title='bbox 879 4335 1016 4414; x_wconf 79' lang='grc' dir='ltr'><strong><em>ἐβούλετο</em></strong></span> <span class='ocrx_word' id='word_1_293' title='bbox 1045 4337 1176 4420; x_wconf 71' lang='grc' dir='ltr'><strong><em>χάρακα</em></strong></span> <span class='ocrx_word' id='word_1_294' title='bbox 1199 4361 1258 4429; x_wconf 91' lang='lat' dir='ltr'>pro</span> 
     </span>
     <span class='ocr_line' id='line_1_34' title="bbox 83 4453 1258 4540; baseline 0.011 -25"><span class='ocrx_word' id='word_1_295' title='bbox 83 4454 258 4536; x_wconf 85' lang='grc' dir='ltr'><strong><em>ε’νεβθλετο</em></strong></span> <span class='ocrx_word' id='word_1_296' title='bbox 290 4453 434 4539; x_wconf 79' lang='grc' dir='ltr'><strong><em>χούρααα.</em></strong></span> <span class='ocrx_word' id='word_1_297' title='bbox 492 4455 541 4522; x_wconf 92' lang='lat' dir='ltr'>lb.</span> <span class='ocrx_word' id='word_1_298' title='bbox 575 4477 617 4520; x_wconf 84' lang='lat' dir='ltr'>rs.</span> <span class='ocrx_word' id='word_1_299' title='bbox 652 4457 713 4520; x_wconf 80' lang='lat'>18:</span> <span class='ocrx_word' id='word_1_300' title='bbox 751 4455 795 4522; x_wconf 72' lang='lat' dir='ltr'>tet</span> <span class='ocrx_word' id='word_1_301' title='bbox 825 4456 878 4522; x_wconf 83' lang='grc' dir='ltr'><strong><em>καὶ</em></strong></span> <span class='ocrx_word' id='word_1_302' title='bbox 907 4458 1013 4525; x_wconf 90' lang='grc' dir='ltr'><strong><em>τούτου</em></strong></span> <span class='ocrx_word' id='word_1_303' title='bbox 1044 4463 1258 4540; x_wconf 82' lang='grc' dir='ltr'><strong><em>συνεργοῦντος</em></strong></span> 
     </span>
     <span class='ocr_line' id='line_1_35' title="bbox 83 4575 1257 4663; baseline 0.009 -25"><span class='ocrx_word' id='word_1_304' title='bbox 83 4586 142 4652; x_wconf 80' lang='grc' dir='ltr'><strong><em>τοῖς</em></strong></span> <span class='ocrx_word' id='word_1_305' title='bbox 182 4575 340 4658; x_wconf 82' lang='grc' dir='ltr'><strong><em>Ῥωμαίοις</em></strong></span> <span class='ocrx_word' id='word_1_306' title='bbox 383 4578 434 4644; x_wconf 76' lang='grc' dir='ltr'><strong><em>καὶ</em></strong></span> <span class='ocrx_word' id='word_1_307' title='bbox 483 4576 542 4652; x_wconf 81' lang='grc' dir='ltr'><strong><em>σύος</em></strong></span> <span class='ocrx_word' id='word_1_308' title='bbox 583 4583 693 4660; x_wconf 79' lang='grc' dir='ltr'><strong><em>χεῖρας</em></strong></span> <span class='ocrx_word' id='word_1_309' title='bbox 728 4578 944 4662; x_wconf 87' lang='grc' dir='ltr'><strong><em>προσφέροντος</em></strong></span> <span class='ocrx_word' id='word_1_310' title='bbox 979 4581 1020 4659; x_wconf 86' lang='grc' dir='ltr'>’τῷ</span> <span class='ocrx_word' id='word_1_311' title='bbox 1056 4580 1257 4663; x_wconf 68' lang='lat' dir='ltr'>currere,</span> 
     </span>
    </p>

    <p class='ocr_par' dir='ltr' id='par_1_7' title="bbox 994 4699 1030 4750">
     <span class='ocr_line' id='line_1_36' title="bbox 994 4699 1030 4750; baseline -0.028 0"><span class='ocrx_word' id='word_1_312' title='bbox 994 4699 1030 4750; x_wconf 78' lang='lat'>16</span> 
     </span>
    </p>
   </div>
   <div class='ocr_carea' id='block_1_6' title="bbox 0 0 1476 4996">
    <p class='ocr_par' dir='ltr' id='par_1_8' title="bbox 0 0 1476 4996">
     <span class='ocr_line' id='line_1_37' title="bbox 0 0 1476 4996; baseline 0 0"><span class='ocrx_word' id='word_1_313' title='bbox 0 0 1476 4996; x_wconf 95' lang='lat' dir='ltr'> </span> 
     </span>
    </p>
   </div>
  </div>
 </body>
</html>
