2944 5002
654 385 694 444 57

88 569 179 651 τρρίονς
205 567 253 634 rel
275 567 399 652 ῥροδίως,
424 589 497 632 narn
522 576 692 654 utrumque
715 567 905 632 vocabulum
925 570 958 634 in
978 569 1038 635 hac
1050 573 1205 638 sententia
1216 574 1263 638 lo-

89 711 152 752 cnm
183 687 303 755 habere
324 701 439 778 potest.
489 687 592 754 Ambo
625 687 786 754 interdum
809 691 1047 780 coniunguntur
1068 716 1100 760 v.
1125 717 1153 760 c.
1180 693 1265 784 apud

89 807 241 875 Platonem
265 811 300 874 in
324 807 422 876 Gritia
447 813 489 875 43
507 809 548 875 b:
571 813 610 883 ὡς
634 809 779 894 ῥᾳδίως
804 809 859 885 τίρν
878 813 1042 894 συμφορὰν
1063 814 1117 880 eol
1139 817 1263 900 πρρίως

87 929 187 1011 Φέρεις.
237 927 397 1019 Equidem
419 930 490 995 loeo
513 941 619 995 nostro
643 932 746 1014 πρρίως
770 932 986 1020 praetulerim.

127 1049 225 1116 Nemo
259 1051 453 1117 Graecorum
475 1052 519 1116 sic
543 1051 667 1116 locutus
690 1063 753 1129 est,
779 1053 826 1118 uti
847 1053 1003 1142 scripsisse
1028 1054 1168 1120 creditur
1189 1077 1264 1122 nos-

87 1183 128 1236 ter
157 1170 190 1236 in
223 1171 265 1238 fr.
304 1171 369 1237 lv:
407 1172 567 1252 ἐμπειρίοον
604 1171 751 1251 μενοίλιρν
784 1173 837 1238 νυοί
874 1173 1002 1251 δύναμιν
1034 1177 1262 1254 πεποιιρμίνος.

89 1289 171 1356 certa
200 1290 423 1359 emendatione
448 1291 666 1381 reponendum
696 1305 743 1358 est
765 1294 1077 1376 περιπεποιημένος.
1125 1297 1264 1388 Praepo-

87 1435 219 1500 sitionem
251 1459 318 1516 περι
353 1397 405 1522 (ri)
431 1435 618 1525 absorpsisse
641 1435 765 1501 ridetur
788 1459 920 1526 sequens
943 1439 1064 1527 syllaba
1088 1421 1139 1506 rii.
1189 1441 1261 1509 Non

84 1543 178 1606 sanius
211 1564 279 1607 esse
314 1541 419 1606 iudico
441 1541 643 1631 participium
667 1545 921 1617 κωτοιππωίείσιρς
943 1545 976 1609 in
1001 1545 1040 1610 fr.
1068 1546 1132 1611 XI:
1159 1547 1262 1613 Ῥόδον

82 1663 138 1742 yria
163 1663 222 1728 ὑπὸ
254 1667 381 1741 σεισμοῦ
413 1662 557 1742 μενοίλσυ
589 1665 937 1740 κοοτοοπτωίείσνρς;
969 1668 1060 1755 quasi
1081 1667 1142 1732 hoc
1165 1669 1261 1733 Grae·

83 1805 147 1847 oum
177 1794 257 1848 esset
280 1805 338 1871 pro
361 1783 597 1857 κωποιπεσοιίσνς
622 1782 671 1848 rel
695 1789 1060 1860 sarcasmorum,
1087 1787 1171 1875 quod
1194 1788 1259 1852 for-

83 1917 157 1969 tasse
182 1901 420 1994 reponendum,
452 1925 527 1967 nam
556 1902 609 1982 id,
634 1901 718 1993 quod
742 1925 805 1968 una
826 1917 951 1970 tanturn
974 1906 1077 1971 littera
1101 1907 1259 1972 diversum

80 2038 118 2089 est
141 2048 157 2088 a
181 2021 308 2114 vulgata
332 2024 468 2090 lectione
492 2025 843 2098 κοοποιπποιρίείσνρς
873 2025 893 2089 i.
919 2050 948 2093 e.
968 2028 1256 2116 perterrefacta,

82 2169 179 2211 rereor
209 2157 246 2211 nt
280 2147 452 2211 sententiae
480 2145 574 2234 plane
606 2145 794 2223 satisfaciat,
826 2157 859 2210 et
881 2148 1148 2230 κοιτερειφίείσιρς,
1173 2147 1258 2238 quod

81 2269 189 2354 optime
216 2266 294 2331 huic
327 2265 398 2332 loco
425 2267 626 2344 conveniret,
659 2266 836 2332 litterarum
866 2265 980 2332 ductus
1003 2267 1099 2334 habet
1123 2269 1257 2335 nimium

79 2387 241 2468 diversos..
267 2385 390 2452 Ibidem
420 2387 534 2477 puerili
557 2409 662 2452 errore
685 2387 738 2452 κωί
762 2389 885 2468 οὶρρυρί
892 2413 954 2462 ους
979 2390 1118 2468 λε’βνρτως
1142 2391 1257 2480 legitur

79 2532 127 2596 pro
160 2509 214 2574 καί
248 2511 397 2589 ἀργυροῦς
432 2507 582 2587 λε’βιρποις,
630 2507 668 2572 In
697 2509 882 2598 praegressis
913 2509 952 2573 fr.
985 2509 1030 2574 IX
1054 2510 1258 2577 vehementer

79 2629 199 2708 dubito,
233 2651 274 2692 an
300 2641 385 2713 recte
407 2628 528 2694 dietum
552 2630 609 2694 sit:
637 2631 691 2705 τὴν
715 2629 779 2711 γὰρ
802 2631 902 2711 τύχην
927 2627 1141 2709 εὐμετάβολον
1164 2629 1256 2697 οὖσοον

77 2749 159 2830 φύσει
188 2749 281 2831 ποιχὺ
302 2752 356 2826 τὴν
382 2752 573 2816 ἕνωντίοιν
596 2749 730 2827 εἷσοίξειν
753 2751 944 2830 μετοιβολιίν.
993 2751 1206 2842 Intelligerem
1229 2755 1255 2818 si

76 2871 278 2938 scriberetur:
305 2871 360 2945 rlrv
385 2869 469 2960 (πρὸς
493 2871 545 2937 vel
567 2871 631 2958 ἐπὶ)
657 2871 829 2937 τούνοιντίον
849 2897 894 2920 ⁴-
916 2875 1111 2953 μεταβολήν.

114 2992 149 3057 ln
183 2994 223 3058 fr.
265 2991 344 3057 XIII
359 3051 360 3056 ,
378 2991 590 3082 supplendum
622 2990 764 3057 ridetur:
802 2992 900 3074 ἔφυσε
933 2995 995 3074 γὰρ
1033 2989 1122 3082 (ὅτι),
1146 2997 1172 3061 εί
1196 3001 1254 3060 τῶν

25 3177 26 3180 ,
75 3115 174 3180 izorio
205 3115 321 3180 ἐλπίδος
340 3114 416 3193 μίοιν
439 3109 525 3195 εἶχεν
546 3115 576 3177 ἐν
598 3122 661 3187 τοῖς
684 3104 859 3194 Ῥωμαίοις,
883 3116 935 3178 οὐκ
959 3113 997 3178 οδν
1020 3114 1157 3193 μετέστω
1181 3117 1254 3196 πρὸς

74 3237 289 3318 Καρχηδονίους
325 3237 389 3300 ari.
444 3233 565 3301 lllendis
600 3233 737 3299 obsitum
772 3247 817 3301 cst
851 3246 882 3300 et
913 3235 1043 3300 fortasse
1068 3235 1253 3301 lacunosum

72 3369 250 3447 excerptum
284 3355 361 3420 XXI
393 3355 515 3444 (xlv):
550 3343 697 3434 Ἀννίβας
729 3356 792 3437 γὰρ
821 3356 1028 3439 κοικονχίρο
1059 3366 1161 3438 πολλῇ
1185 3357 1251 3421 aar

72 3477 123 3548 τὰς
146 3479 254 3550 πόλεις
278 3483 335 3551 τῆς
355 3477 501 3556 Βρεττίοις
523 3478 716 3557 ποιροολοιβίιν
739 3475 861 3558 ὕστερον
885 3478 936 3542 acl
954 3479 1009 3552 τὴν
1031 3476 1170 3556 Κρότωνος
1189 3471 1252 3542 slas

68 3599 114 3663 xxi
143 3603 181 3665 τὸ
213 3597 338 3675 Ῥήγιον
361 3597 609 3678 πολιορκήσει
620 3622 645 3661 ν.
681 3595 793 3662 Exulet
806 3597 919 3686 copula
931 3609 1000 3686 post
1012 3607 1131 3679 πολλῇ,
1156 3619 1253 3685 quam

25 3743 26 3750 ¹
67 3731 265 3810 praepostere
287 3718 327 3784 de
346 3732 405 3783 sno
423 3717 541 3783 addidit
561 3717 797 3782 Rhodomanus.
836 3690 956 3782 Deinde
974 3739 1031 3806 pro
1050 3719 1254 3796 πολιορκήσων

25 3869 26 3928 3
67 3842 169 3907 malim
202 3839 446 3918 ἐξεπολιόρκησε.
494 3839 658 3904 Praeterea
692 3861 765 3904 vero
784 3837 911 3916 dubito,
938 3861 977 3902 an
1001 3859 1112 3902 sanum
1136 3841 1174 3904 sit
1197 3864 1253 3905 κιο·

25 3931 26 4012 ι
66 3967 194 4048 aaziae,
231 3973 363 4051 propter
396 3961 578 4050 sequentia:
617 3961 698 4025 Ἀπδ
733 3961 853 4039 δυσμῶν
883 3961 961 4040 γὰρ
994 3957 1163 4039 οίρξιίμενος
1194 3964 1254 4027 τῶν

64 4086 417 4168 Ἡροικλειωτικῶν
448 4083 568 4156 στνρλῶν
596 4083 704 4146 ποῖσοιν
727 4087 785 4146 τῶν
808 4082 964 4160 Ῥωμαίων
986 4081 1090 4162 χώρων
1115 4082 1252 4158 dalreis

25 4275 26 4278 Ἴ
62 4211 134 4282 πλὴν
166 4206 295 4284 Ῥώμης
324 4205 376 4269 eorl
405 4203 595 4276 Νεωπόλεως
618 4202 801 4280 πολεμίους
821 4197 875 4274 ἕως
900 4202 1110 4281 Κροτώννρς.
1159 4201 1250 4268 Unde

25 4299 27 4440 l
61 4330 113 4397 lere
138 4329 293 4396 efficeres
315 4349 372 4415 pro
395 4325 577 4408 κωκυυχίρι
602 4325 720 4413 requiri
743 4321 846 4412 potius
867 4323 1044 4407 εὐτυχίᾳ.
1088 4322 1150 4388 Sed
1169 4343 1249 4410 quo-

25 4467 27 4546 ρ
61 4453 134 4518 aiam
149 4445 375 4516 Hannibalem
388 4457 457 4535 post
468 4467 607 4535 pugnarn
624 4442 822 4510 Cannensem
835 4442 962 4509 adversa
974 4444 1077 4532 potius
1093 4465 1189 4529 quam
1201 4467 1250 4510 se-

60 4575 154 4640 cunda
197 4570 331 4634 fortuna
362 4589 453 4632 usum
483 4589 548 4631 esse
572 4566 701 4631 historin
723 4565 834 4642 docet,
859 4563 1054 4628 verisimilius
1078 4585 1143 4627 esse
1167 4564 1249 4629 arbi-

59 4710 112 4763 lror
135 4690 344 4781 eclogarium
368 4690 473 4778 inepte
498 4687 625 4752 Diodori
651 4687 822 4752 orationem
847 4682 1033 4749 contraxisse
1057 4682 1090 4745 in
1110 4681 1245 4750 brevius.
1316 4779 1333 4789 -

1001 4803 1017 4852 8
