2990 5012
792 445 833 510 36

252 633 332 714 Sed,
360 632 514 722 quoniam
540 633 626 701 insto
656 633 828 703 violentius
865 634 1054 704 huiusmodi
1088 635 1267 704 remedium
1303 657 1374 706 esse

251 749 394 829 ridetur,
432 770 491 817 nee
523 749 613 816 lacile
645 749 751 816 lenius
782 749 869 818 aliud
901 751 1059 840 reperies,
1096 751 1293 839 probabilius
1323 773 1374 820 me

251 864 357 932 iudice
382 875 563 932 statuemus
588 865 748 952 quaedam
774 875 848 932 ante
874 865 960 934 hunc
985 887 1115 934 versum
1140 867 1285 954 periisse.

297 979 364 1046 Una
390 991 515 1047 tantum
539 979 627 1046 litem
651 980 798 1048 resarciri
815 991 922 1070 potest
946 981 1118 1062 damnum,
1143 983 1230 1070 quod
1251 980 1373 1048 scribae

253 1095 430 1162 intulerunt
456 1095 561 1163 verbis
576 1095 688 1162 incerti
711 1105 824 1184 poetae
841 1095 956 1163 comici
973 1095 1108 1164 servatis
1124 1117 1140 1163 a
1166 1097 1375 1184 grammatico

251 1209 281 1276 in
306 1210 447 1279 Crameri
464 1211 583 1279 dnerd.
603 1233 633 1300 p.
654 1215 727 1278 176.
752 1215 811 1288 16,
837 1211 891 1278 ubi
909 1211 954 1279 sie
979 1213 1107 1280 scribit:
1124 1223 1203 1300 -η
1226 1221 1314 1297 παρὰ
1340 1221 1375 1280 τὸ

250 1335 346 1395 πετῶ.
370 1329 469 1397 ἔνθεν
496 1337 530 1396 τὸ
555 1332 683 1415 πέσημα
710 1335 764 1395 καὶ
788 1339 907 1398 πεσεῖν.
938 1333 974 1396 τί
998 1331 1208 1416 βούλομαι
1235 1355 1375 1414 τραγι-

249 1449 320 1510 κὸν
346 1445 632 1528 καταπέσημα.
658 1441 745 1521 Quae
763 1441 857 1509 verba
876 1441 1022 1530 quantilli
1038 1441 1160 1530 negotii
1177 1453 1245 1510 erat
1263 1462 1373 1510 emen·

248 1557 324 1623 dare
349 1558 409 1624 lma
434 1557 597 1646 exemplo:
626 1597 665 1605 -
690 1561 790 1626 ε”νσεν
816 1564 850 1625 τὸ
875 1559 1014 1643 πέσημα·

649 1679 718 1740 καί
743 1683 889 1741 πεσεῖν
915 1701 952 1740 τι
981 1673 1191 1761 βούλομαι

427 1795 626 1874 τραγικὸν
655 1797 762 1856 κάτω
786 1787 971 1875 πέσημα]

293 1899 363 1968 Non
379 1921 483 1989 aeque
501 1901 590 1969 lacile
606 1911 663 1968 aut
679 1911 804 1969 certum
824 1901 1004 1969 remedium
1020 1913 1167 1992 paratum
1192 1913 1242 1968 est
1259 1901 1372 1970 incerti

248 2027 360 2104 poetae
386 2015 492 2083 verbis
525 2017 611 2104 apud
640 2015 845 2084 Plutarchum
870 2015 910 2084 de
935 2017 1057 2084 uirtute
1089 2037 1121 2105 p.
1144 2019 1208 2084 100
1233 2016 1266 2083 l'.
1303 2025 1369 2084 Καὶ

246 2143 323 2215 γάρ,
349 2131 393 2199 all
415 2131 646 2220 philosophUS‚
671 2139 687 2199 ὃ
711 2134 906 2199 καθεύδουσι
932 2145 986 2200 τοῦ
1012 2141 1158 2218 σώματος
1181 2137 1283 2211 ὕπνος
1304 2139 1369 2201 iuri

246 2255 299 2314 καί
323 2250 517 2325 ἀνάπαυσις,
545 2259 596 2330 τῆς
614 2249 648 2314 δὲ
669 2261 774 2335 ψυχῆς
793 2258 904 2314 πτοῖαι
931 2253 985 2314 καί
1009 2255 1127 2334 ὄνειροι
1153 2255 1207 2314 καί
1230 2256 1368 2336 ταραχαί

246 2363 300 2428 διὰ
324 2363 594 2447 δεισιδαιμονίαν.

422 2477 528 2545 Ὅταν
553 2479 587 2544 δὲ
616 2481 816 2557 νυστάζοντὰ
837 2477 868 2562 μ’
893 2487 912 2562 η
934 2477 1043 2564 λιίπη
1073 2477 1155 2566 λάβη

423 2591 584 2676 ἀπόλλυμ’
611 2597 671 2659 ὑπὸ
695 2601 759 2660 τῶν
785 2595 948 2660 ἐνυπνίων

244 2712 319 2793 φησί
345 2736 402 2784 τις.
453 2705 617 2772 Munditie
642 2705 880 2772 somnolentum
906 2711 1015 2771 tenere
1040 2704 1174 2772 tortasse
1197 2703 1253 2770 sed
1276 2724 1366 2769 σαπ-

241 2841 326 2907 ηισνε
349 2821 437 2887 nullo
462 2820 558 2888 mode
584 2829 699 2908 potest.
749 2820 953 2908 lntellegam:

420 2939 501 3002 ὅταν
527 2936 561 3000 δὲ
586 2939 788 3014 νυστάζοντὰ
810 2911 878 3018 μἸή
903 2936 1030 3022 κλίνη
1054 2937 1135 3023 λάβῃ
1162 2942 1228 3004 ari.

287 3049 347 3118 Sed
366 3048 495 3117 maioris
512 3047 667 3116 momenti
691 3047 751 3114 erit
768 3049 950 3117 emendatio
968 3047 1028 3116 loci
1052 3047 1251 3137 lepidissimi,
1269 3067 1367 3136 quem
1467 3059 1468 3071 ³

242 3184 279 3229 ax
306 3161 444 3252 Νοεισηο
475 3163 610 3230 annm
646 3162 811 3230 comoedia
851 3162 942 3230 allent
967 3163 1150 3230 Athenaeus
1177 3163 1215 3230 lli
1241 3167 1306 3230 509
1334 3161 1367 3228 t..
1465 3233 1466 3263 η

199 3357 201 3364 Ι
241 3277 283 3345 ila
308 3277 470 3346 scribens:
495 3281 681 3364 Ἕρμιππος
706 3287 741 3348 ἐν
768 3287 918 3365 Ναυάγῳ
937 3282 1102 3347 Πλάτωνα
1128 3309 1158 3348 τε
1181 3283 1280 3347 αὐτὸν
1310 3286 1365 3346 καί
1464 3311 1465 3361 η

242 3403 306 3462 τῶν
331 3397 497 3480 γνωρίμων
515 3401 606 3472 τινὰς
631 3397 861 3480 κεκωμῳδηκεν
885 3399 927 3470 ὡς
952 3401 1005 3460 καί
1029 3395 1079 3460 ἐπ’
1103 3397 1246 3480 ἀργυρίῳ
1271 3422 1366 3461 συκο·
1463 3403 1464 3457 l

240 3524 445 3594 φαντσῦντας
470 3546 513 3558 -
537 3511 622 3592 λέγει
649 3507 680 3575 δ’
695 3517 810 3588 σείτιος·
1460 3475 1463 3553 ί

331 3623 461 3692 ”Επειτ’
485 3628 627 3700 οίναστάς
651 3631 799 3712 εὔστοχος
825 3631 958 3700 νεανίας

329 3751 394 3809 τῶν
419 3743 452 3819 ἐξ
478 3741 702 3826 Ἀκαδημείας
727 3769 774 3818 τις
798 3743 860 3806 ὑπὸ
887 3740 1100 3806 Πλάτωνα
1127 3745 1196 3804 καί

330 3857 1172 3943 Βρυσωνοθρασυμαηεισληψικερμάτων

328 3974 506 4058 πληγείς
526 3976 691 4059 ἀνάγκῃ
717 3971 1078 4058 ληψιλογομίσθῳ
1102 3969 1228 4056 τέχνῃ

328 4094 454 4154 συνών
480 4115 536 4163 τις
559 4091 624 4154 οὐκ
646 4093 794 4152 ἄσκεπτα
818 4088 997 4170 δυνάμενος
1020 4085 1126 4166 λέγειν
1151 4088 1215 4148 κτὲ.

284 4199 370 4279 Quae
394 4199 489 4266 rerba
519 4198 763 4287 corruptissima
789 4209 875 4266 certa
902 4195 1128 4265 emendatione
1158 4195 1203 4262 sir
1233 4193 1360 4262 restitui

240 4327 377 4404 possunt
402 4317 432 4384 in
458 4317 640 4406 integrum:

329 4433 460 4500 ’'Eurtt'
483 4439 626 4512 α’ναστὰς
649 4445 797 4524 εὔστοχος
823 4439 955 4512 νεανίας

331 4554 394 4616 τῶν
421 4553 454 4630 ἐξ
476 4548 702 4638 Ἀκαδημείας
724 4579 773 4628 τις
797 4555 857 4617 ὑπὸ
885 4551 1154 4616 Πλατωνικο-
