2990 5012
791 498 834 563 32

252 707 299 754 vs.
323 687 354 753 3.
379 689 560 771 τραγήματ’
585 685 789 767 αι’σθίινομαι
813 687 876 769 γὰρ
899 684 950 747 ὅτι
977 683 1146 766 νομίζεται

378 806 446 875 τοῖς
471 801 624 884 νυμφίοις
647 802 791 882 μετιοῦσι
817 803 892 882 τὴν
918 800 1084 883 νείμφην
1109 796 1251 877 λίνεις

375 913 545 1000 παρέχειν,
570 919 698 998 ἄμητας
724 915 779 978 καί
807 911 921 996 λαγῷα
946 917 1001 976 καί
1026 911 1153 1000 κίχλας.

296 1027 414 1106 Λέγεις
445 1029 530 1095 haud
560 1028 657 1096 dubie
688 1047 784 1094 sensu
814 1047 940 1094 cassum
964 1035 1028 1112 est,
1053 1027 1110 1094 scd
1133 1047 1236 1112 neque
1258 1047 1300 1094 ex
1323 1026 1375 1090 αἐί

251 1163 355 1228 neque
375 1163 415 1210 cx
434 1148 539 1222 θεοῖς,
561 1149 596 1208 ut
613 1144 657 1208 Μ.
677 1141 867 1228 suspicatur,
887 1141 1269 1228 iscilepctuitconumpi.
1281 1140 1376 1208 Venit

252 1257 329 1323 mihi
351 1256 385 1323 in
409 1263 563 1340 mentem,
587 1277 629 1322 an
652 1255 733 1322 forte
755 1261 850 1341 poete
872 1255 1048 1341 scn'pscrit:

364 1377 432 1447 τοῖς
457 1371 610 1454 νυμφίοις
632 1371 777 1452 μετιοῦσι
802 1373 862 1450 τὴν
886 1367 1164 1452 γαμουμένην
1190 1369 1257 1432 κτὲ·

254 1493 289 1552 ut
319 1489 378 1567 τὴν
404 1489 533 1568 νιίμφην
566 1480 609 1547 ts
619 1509 684 1562 γει
708 1481 750 1550 sit
771 1483 857 1550 illius
880 1483 1024 1550 lectionis
1046 1483 1376 1568 interpretamentum,

252 1599 337 1684 qnod
356 1607 539 1686 postquam,
560 1604 596 1665 ut
617 1595 666 1681 fit,
692 1597 761 1663 eius
784 1597 887 1663 locum
907 1603 1105 1683 occupasset,
1129 1597 1242 1664 leviter
1265 1597 1378 1663 immu-

252 1719 353 1781 tatum
375 1713 488 1781 abierit
510 1713 544 1778 in
566 1715 627 1792 τὴν
652 1713 783 1795 νείμφην
807 1709 925 1791 λίνεος.

296 1943 374 2026 Peg.
397 1941 474 2007 464.
499 1940 652 2008 Eiusdem
679 1939 976 2005 ΠΑΝΝΤΧΙΣι

297 2077 344 2124 vs.
369 2057 400 2122 6.
669 2053 885 2140 προσκατέδει
911 2059 985 2130 rote
1009 2052 1192 2129 δακτύλους

410 2168 500 2255 αὐτῷ
524 2195 559 2248 γε
585 2170 721 2255 χαίρων,
749 2167 842 2252 ἔρια
865 2173 926 2252 μὲν
950 2173 1202 2251 ποιήσομεν.

296 2283 466 2352 Alexidsm
500 2283 664 2370 scripsisse
700 2288 824 2368 χόρια
859 2281 1043 2370 suspiceris,
1078 2281 1202 2348 collatis
1235 2280 1379 2350 uersibus
1463 2357 1464 2360 ρ

256 2401 297 2464 16
321 2419 400 2484 sqq.:
824 2400 925 2479 μόνον
951 2393 1169 2480 ἀπαλλάγηθί
1192 2421 1259 2479 μοι·

345 2513 431 2601 (τούς
457 2513 530 2587 σούς
554 2509 606 2600 δὲ)
633 2509 839 2586 κανδαύλους
867 2509 970 2589 λέγων
997 2513 1051 2575 καί
1078 2513 1200 2597 χόρια
1225 2512 1280 2574 καί

342 2629 488 2712 βατάνια
511 2633 623 2690 πᾶσαν
651 2623 835 2715 (ἀφανιεῖς)
860 2629 920 2707 τὴν
945 2624 1079 2706 ιίδονην.

252 2747 289 2807 ut
310 2739 474 2826 ingeniose
497 2761 552 2808 eos
575 2741 717 2826 explevit
742 2741 918 2807 Dobraens.
942 2737 1027 2817 Quid
1049 2759 1096 2806 vs.
1123 2739 1163 2805 13
1186 2759 1245 2826 pro
1268 2741 1380 2824 χόριον

253 2855 471 2942 reponendum
494 2855 552 2939 sit,
576 2854 706 2920 videant
727 2853 792 2920 alii.
815 2853 974 2939 Bergkius
996 2854 1173 2940 suspicatur
1195 2859 1306 2938 θρῖον.

297 2968 394 3036 Verbi
418 2975 526 3034 ποιεῖν
552 2966 614 3055 (vs.
636 2967 671 3056 ί)
695 2968 845 3051 frequens
867 2975 916 3034 cst
938 2968 972 3034 in
994 2987 1029 3034 re
1052 2967 1205 3034 culinaria
1226 2969 1383 3034 usus.1ts

254 3104 284 3149 v.
308 3103 335 3150 c.
358 3083 472 3150 Alexis
493 3083 527 3148 in
550 3079 704 3148 Ponerae
722 3101 769 3148 vc.
790 3081 811 3146 9
830 3081 899 3148 sr.I
919 3076 983 3146 εἶδ’
1007 3080 1100 3167 ἕψων
1125 3085 1222 3147 ποιῶ
1243 3079 1380 3164 μυελὸν,

254 3200 321 3260 nrt.
344 3195 404 3262 Off.
424 3195 599 3263 Axionicus
619 3197 687 3280 III,
708 3193 774 3261 535
788 3193 855 3286 (2),
873 3195 1040 3264 Philemon
1052 3197 1107 3282 IV,
1131 3197 1172 3263 13
1192 3195 1244 3285 (1)
1263 3196 1382 3281 aliique

253 3311 330 3394 loci,
356 3331 435 3395 quos
457 3309 586 3394 collegit
608 3309 758 3377 Jacobius
780 3311 813 3375 in
837 3309 946 3377 Indice
968 3333 1000 3398 p.
1024 3310 1099 3376 855.

299 3539 376 3622 Pag.
400 3538 476 3604 468.
501 3536 651 3604 Eiusdem
676 3540 899 3602 ΠΟΙΗΤΩΝ
922 3537 938 3602 f
952 3587 959 3602 .
984 3539 1016 3602 I:

300 3653 417 3718 Athen.
442 3653 510 3736 III,
535 3673 566 3738 p.
592 3653 634 3718 74
658 3671 692 3716 c:

477 3770 515 3830 ‘0
539 3770 745 3847 συκοφάντης
770 3764 806 3828 ου
832 3763 965 3840 δικαίως
991 3767 1134 3847 τοῦνομα

478 3882 520 3945 ἐν
546 3887 630 3944 τοῖσι
653 3881 870 3965 μοχθηροῖσίν
896 3880 962 3943 ίστι
989 3881 1150 3962 κείμενον.

298 3993 432 4076 Vitium,
453 4015 516 4077 quo
534 3993 613 4060 haec
632 3995 731 4060 verbe
746 3995 904 4077 laborant,
924 3995 1045 4079 aperiet
1056 3996 1145 4061 locus
1155 3994 1382 4082 Xenophontis

255 4107 348 4173 hnicc
375 4127 527 4192 perquam
554 4107 665 4173 similis
688 4108 720 4172 in
744 4107 943 4194 Cyropcedin
966 4109 1016 4193 11,
1041 4111 1079 4193 2,
1107 4111 1148 4175 12
1170 4111 1189 4172 α’
1209 4111 1270 4190 μίν
1294 4107 1380 4173 α’λα-

259 4219 324 4294 ζὼν
350 4219 459 4302 ἔμοιγε
484 4217 575 4283 δοκεῖ
593 4224 696 4303 ὄνομα
717 4227 848 4285 κεῖσθαι
871 4223 938 4286 tut
960 4228 1028 4296 τοῖς
1049 4221 1303 4308 προσποιμίνοις
1324 4227 1381 4287 καί
