2932 5004
66 575 108 616 σιν
131 569 186 640 pro
205 552 418 631 συγχωροῦσιν
439 551 543 620 αὐτοῖς
566 551 592 615 οί
616 550 673 614 θεοί
693 552 886 628 οέποστῆναι,
912 562 967 615 eut
987 549 1093 616 Iocum
1112 571 1245 640 corrup*

66 685 130 736 tum
147 693 213 736 esse
234 693 252 734 e
272 669 418 735 librariis.
452 669 486 736 Si
498 669 559 735 hoc
571 683 635 750 est,
656 692 720 734 non
736 657 819 735 mule
838 670 1027 736 confeceris:
1051 667 1095 738 ύτι
1113 671 1245 738 διδόασιν

67 793 164 864 αύτοῒς
198 793 231 856 οί
264 791 323 856 ύεοί
354 793 409 867 τὴν
444 790 582 878 (νίκην)
615 793 863 868 ύποστῖισιν,
893 791 947 856 έίον
978 793 1133 871 μηδεμίαν
1160 794 1245 866 κτὲ.;

66 935 156 1001 quam
180 912 395 977 coniecturam
419 913 583 1000 sequentia
606 911 795 976 confirmare
821 911 974 978 ridentur.

108 1031 339 1122 Compendium
378 1031 512 1097 scribam
547 1031 729 1120 imperitum
763 1031 910 1098 fefellisse
945 1032 1085 1122 suspicor
1115 1033 1149 1096 in
1181 1032 1247 1095 fine

66 1153 102 1218 fr.
128 1153 254 1258 XXVI,
281 1153 337 1218 ubi
355 1153 507 1242 legimns:
533 1151 584 1218 καί
609 1152 723 1218 τούτων
744 1153 900 1234 οίφνμεῖτο
924 1155 1050 1230 Εὔνους,
1072 1152 1124 1216 καί
1145 1175 1244 1234 παρα-

66 1279 229 1346 καλοῦντες
258 1275 414 1350 ἀλλήλους
444 1274 511 1354 περὶ
542 1271 642 1350 μέσας
672 1273 785 1346 νύκτας
817 1273 972 1340 εἰσέπεσον
1003 1274 1045 1347 είς
1078 1275 1133 1350 πίιν
1156 1273 1246 1338 πίλιν

66 1395 114 1458 ναί
136 1393 261 1468 τούτους
286 1397 419 1477 οὶνῂρουν.
468 1392 578 1482 Sermo
611 1406 658 1460 est
690 1393 728 1459 de
751 1393 835 1458 bellu
860 1393 962 1460 servili
985 1395 1019 1458 in
1044 1393 1168 1470 Sicilie,
1192 1393 1246 1459 sed

66 1539 81 1580 e
110 1515 180 1581 icco
208 1529 331 1594 nostro,
363 1529 399 1582 ut
421 1515 515 1582 hodic
539 1515 703 1593 scribitur,
726 1538 791 1580 non
816 1527 965 1605 apparet,
991 1537 1144 1604 quosnam
1168 1516 1247 1581 servi

66 1637 141 1703 duce
178 1637 270 1702 Eune
305 1637 532 1703 interfecerint.
581 1636 749 1715 Dominus,
784 1637 914 1724 opinor,
938 1657 1029 1700 suos:
1057 1637 1164 1724 itaque
1187 1659 1245 1724 pro

67 1757 186 1830 τούτους
218 1760 342 1841 οίνιίρουν
375 1760 518 1847 corrigo:
556 1760 648 1831 τοὺς
672 1757 829 1838 κυρίους
853 1759 989 1838 οίνρίρουν.
1038 1756 1160 1846 Nempe
1182 1757 1245 1822 fes·

66 1880 216 1944 tinentem
258 1878 443 1958 librarium,
483 1901 582 1968 quum
616 1879 650 1942 in
685 1877 871 1967 exemplari,
908 1876 993 1965 quod
1028 1877 1245 1956 describebat,

67 1997 215 2087 scriptum
236 2010 334 2062 esset:
356 1978 808 2062 Torcrcicnnmromr
826 1995 1246 2062 malercrrorcmrnr-

68 2127 178 2184 POTN
202 2117 313 2206 legisse
336 2117 432 2182 rides.
901 2127 902 2130 ’

107 2239 143 2304 In
166 2238 323 2328 principio
347 2239 459 2327 fragm.
487 2237 610 2305 XXVII
634 2237 748 2328 copule
767 2238 850 2303 mele
866 2237 998 2327 repetite
1016 2237 1110 2326 periit
1128 2236 1247 2303 Graece

68 2360 181 2426 locutio
214 2383 272 2424 usu
305 2361 484 2425 tritissima:
520 2359 572 2426 καί
605 2359 653 2424 atet
683 2359 762 2447 [καί]
789 2363 912 2438 μᾶλλον
933 2357 1169 2437 ταπεινούμενος
1194 2358 1246 2424 καί

67 2481 148 2560 παρὰ
169 2481 351 2562 προσδοκίαν
376 2481 559 2546 ιἰποπίπτον
582 2483 625 2553 είς
648 2480 767 2546 λύτταν
791 2480 861 2546 τινὰ
879 2479 930 2545 καί
955 2479 1090 2558 μανιώδη
1116 2479 1246 2544 διοίύεσιν

70 2602 238 2668 ἐνέπιπτεν.
294 2602 367 2668 Non
408 2603 530 2667 saniore
564 2625 630 2668 csse
665 2601 799 2666 arbitror
832 2623 912 2690 quae
947 2600 1064 2666 ibidem
1098 2599 1249 2688 leguntur

67 2747 107 2787 rs.
134 2726 194 2788 36:
221 2723 235 2787 ύ
259 2722 291 2786 δέ
314 2724 493 2802 τυραννικῶς
518 2722 571 2797 ἤδη
596 2720 772 2801 διεξοίγαν
796 2722 880 2793 κτὲ.;
903 2743 977 2784 nem
1004 2719 1158 2785 Graecum
1178 2731 1245 2784 est:

67 2845 78 2905 i
108 2843 139 2907 δὲ
162 2881 208 2891 -
230 2839 370 2919 διοίγων.
419 2842 456 2908 In
482 2844 595 2910 ricinia
619 2867 663 2909 rs.
690 2847 733 2908 29
758 2842 890 2908 recurrit
913 2839 998 2906 idem
1020 2862 1126 2918 error,
1152 2862 1247 2928 quem

66 2965 124 3028 iam
148 2964 271 3052 saepius
294 2965 487 3043 notavimus,
513 2987 672 3053 quemque
692 2963 847 3052 eclogario
867 2963 996 3028 fortusse
1016 2961 1130 3026 rectius
1151 2983 1247 3049 quem

66 3084 198 3149 librariis
234 3084 372 3150 tribues:
414 3085 564 3163 Ὀπιμίου
595 3085 626 3148 δέ
656 3083 876 3162 βουλευομένου
909 3085 966 3156 είς
998 3083 1040 3148 τὸ
1071 3083 1248 3146 Καπιτεί-

65 3221 144 3269 λιον
167 3205 235 3285 περὶ
260 3209 313 3270 τοῦ
337 3204 542 3286 συμφέροντος
566 3205 631 3270 κτέ.
656 3226 713 3293 pro
738 3204 753 3267 ί
761 3228 776 3267 ν
799 3203 848 3283 τῷ
873 3201 1115 3282 Καπιτωλίῳ
1139 3201 1203 3266 κτέ.

109 3325 310 3390 Embicmnte
340 3323 537 3390 liberandum
570 3325 697 3389 initium
725 3324 764 3388 fr.
792 3321 881 3388 XXX
906 3345 949 3386 vs.
978 3325 1037 3386 18:
1065 3317 1111 3386 ύτι
1134 3322 1249 3386 πολλαί

13 4751 15 4860 ί

13 4889 15 4979 ί

65 3445 293 3518 ἐπαναστάσεις
318 3445 454 3522 ἐγένοντο
478 3445 617 3521 οἰκετῶν,
641 3445 742 3524 πρύτν
767 3443 823 3522 μὲν
839 3481 884 3492 -
900 3441 1025 3523 δευτέρα
1049 3443 1079 3506 δὲ
1101 3479 1145 3492 -
1163 3441 1251 3522 τρίτη

64 3567 93 3630 δέ
130 3566 336 3653 [οίπίστασις]
360 3565 483 3643 ἐγένετο
505 3562 676 3646 παροίδοξος
700 3564 752 3629 καί
777 3563 857 3628 πολὺ
881 3563 942 3634 τοὶς
965 3559 1136 3640 εἰθισμένας
1161 3561 1249 3627 trar-

63 3687 237 3752 λοίττουσα.
285 3686 405 3752 Eadem
427 3710 460 3775 p.
489 3689 550 3751 157
577 3709 620 3750 rs.
650 3688 690 3750 18
712 3685 828 3774 partim
848 3683 963 3748 rectius
983 3683 1027 3746 sic
1047 3682 1248 3748 scribuntur:

63 3808 149 3888 τρίτη
181 3809 214 3873 δὲ
244 3805 413 3888 παροίδοξυς
436 3805 546 3884 γέγονέ
569 3830 649 3884 τις,
674 3805 792 3871 omissis
816 3803 1029 3893 sequentibus.
1080 3801 1252 3892 Sequentia

64 3929 84 3992 I.
116 3953 152 3994 n.
187 3928 370 3993 scribuntur
396 3929 458 3992 sic:
487 3921 521 4000 ἦν
543 3925 606 4008 νοίρ
629 3951 675 4000 τις
700 3925 794 3998 Τίτος
819 3925 890 4004 μὲν
915 3923 1115 3998 Οὐέττιος
1139 3925 1252 3998 ἱππεύς

64 4050 100 4114 δέ
128 4048 298 4127 Ῥωμαίων.
326 4049 412 4134 Quae
432 4047 527 4114 rerba
547 4048 573 4111 si
594 4069 669 4112 sane
688 4058 808 4124 essent,
833 4044 1023 4110 vocabulum
1042 4048 1252 4112 necessarium

63 4173 194 4260 periisse
224 4168 466 4235 existimandum
495 4168 596 4246 foret,
634 4164 892 4256 quandoquidem
929 4165 1088 4232 Graecitns
1111 4167 1252 4256 require·

64 4305 135 4360 ret:
162 4285 198 4364 ἦν
218 4288 283 4370 γοίρ
305 4313 352 4362 τις
374 4289 468 4362 Τίτος
492 4288 636 4362 Ούέττιος
657 4289 714 4366 μὲν
738 4284 857 4374 (ὄνομα)
868 4335 878 4364 ,
900 4287 1014 4360 ἱππεὺς
1034 4287 1065 4358 δέ
1086 4287 1251 4366 Ῥωμαίων.

64 4411 182 4476 Verum
213 4409 384 4476 lectionem
417 4410 629 4488 revocareris,
662 4409 697 4472 ni
728 4406 839 4484 fallor,
866 4407 1038 4497 rescripto:
1066 4400 1099 4478 ἦν
1120 4403 1182 4485 μοίρ
1205 4427 1252 4476 τις

65 4533 160 4606 Τίτος
194 4529 414 4602 Μινούτιος
447 4531 559 4603 ίππεύς
593 4529 749 4608 Ῥωμαίων
780 4528 843 4592 κτὲ.
892 4527 973 4592 Nem
1005 4528 1037 4592 in
1069 4526 1108 4590 fr.
1139 4524 1251 4591 Ilibr.

68 4653 207 4720 XXXVI
230 4652 271 4719 de
295 4651 405 4720 cedem
429 4675 462 4720 re
482 4654 600 4720 mentio
618 4653 654 4717 frt
673 4652 706 4717 in
724 4649 811 4716 hunc
830 4646 978 4714 modum:
1002 4641 1035 4718 ἦν
1057 4645 1116 4732 (τις
1137 4646 1251 4732 insere)
