2968 5014
785 422 835 481 54'

243 590 292 658 Of.
317 592 441 679 Telephi
463 593 570 678 fragm,
594 615 640 678 ep.
663 591 750 658 Stob.
773 591 894 667 XXII,
919 595 961 656 82
986 611 1029 658 ns.
1055 598 1092 658 l:

439 699 484 772 Σύ
506 697 536 770 δ’
558 697 613 769 eia’
633 696 750 792 ἀνάγκῃ
773 703 827 770 καὶ
846 707 959 770 θεοῖσι
980 700 1025 794 μή
1046 701 1182 791 μάχου.

286 1051 489 1114 invenustum
510 1003 673 1114 admodum
697 1055 727 1113 et
751 1049 900 1136 Euripide
920 1034 1045 1136 prorsus
1068 1051 1231 1140 indignum
1251 1053 1382 1120 addita-

241 1172 378 1230 mentum
406 1169 530 1252 apparet
552 1166 584 1228 in
608 1165 796 1254 fragmento,
821 1163 902 1250 qnod
929 1165 1136 1252 Medicippaa
1162 1175 1263 1236 exstat
1290 1173 1379 1258 apud

241 1281 419 1367 scriptorem
445 1277 499 1344 via
522 1276 628 1366 Eurip.
653 1279 833 1365 (Hermann.
859 1299 963 1365 opusc.
987 1280 1017 1343 V
1039 1303 1067 1369 p.
1089 1287 1153 1348 202
1176 1287 1252 1372 sq·]:

395 1384 498 1481 μάνην
519 1381 573 1480 o’ip’
592 1391 640 1466 εἷς
659 1396 808 1478 γυναῖκας
829 1389 863 1470 ἐξ
886 1381 1010 1480 ἅνδρῶν
1029 1386 1138 1480 ψόγος

393 1499 514 1591 ψάλλει
533 1496 623 1569 κενὸν
643 1495 786 1586 τόξευμα
806 1503 871 1569 καὶ
890 1507 1012 1580 κακῶς
1032 1504 1157 1591 λέγειἰ

395 1615 430 1682 αἱ
451 1609 481 1682 δ’
501 1608 564 1681 εἲσ’
585 1607 736 1697 ἀμείνους
756 1607 914 1705 ripaeos:
933 1609 995 1702 ἐγώ
1017 1615 1110 1704 λέγω.

285 1727 401 1814 Ecquis
419 1735 478 1807 est,
491 1731 544 1816 qni
556 1729 736 1817 intelligens
747 1753 838 1815 qnam
851 1731 973 1818 egregie
983 1731 1075 1796 verba
1085 1722 1379 1820 μάνην-τόξευμα

242 1843 326 1909 dicta
348 1845 412 1911 sint
435 1867 490 1930 pro
523 1844 645 1930 vulgari
679 1847 848 1911 sententia:
873 1840 975 1932 μάτην
992 1835 1045 1932 dip'
1065 1837 1181 1933 ἅνδρες
1201 1845 1305 1918 κακῶς
1321 1843 1377 1909 m.

239 1977 335 2044 yoocs
353 1951 413 2032 τὰς
431 1962 594 2044 γυναῖκας,
616 1959 820 2026 nihilominus
842 1960 977 2048 genuina
999 1958 1063 2024 esse
1086 1959 1197 2038 ducat,
1217 1979 1295 2044 qnae
1318 1981 1376 2024 vo-

241 2070 350 2135 cabula
372 2071 608 2159 languidissima
629 2081 661 2140 et
683 2077 766 2140 omni
790 2077 940 2140 orationis
962 2074 1079 2140 lumine
1098 2075 1375 2160 destitutsappen·

242 2184 316 2249 dent
337 2186 449 2252 inutile
472 2188 610 2275 pondus:
632 2185 687 2253 sot
707 2188 811 2264 νακῶς
832 2187 937 2274 λέγειν)
952 2190 986 2254 Si
1002 2211 1148 2276 usquam,
1164 2189 1217 2254 hic
1232 2194 1377 2254 mnemon

243 2299 400 2367 falsarium
431 2303 572 2370 lacunam
606 2307 640 2369 in
665 2305 773 2369 codice
794 2325 850 2389 pro
874 2325 930 2368 suo
954 2309 1045 2391 captu
1068 2310 1227 2389 utcunque
1247 2303 1379 2389 explen-

196 2415 197 2418 ’
244 2421 319 2496 tem;
346 2439 476 2503 eumque
508 2421 596 2484 iuxta
629 2419 844 2508 ignarissimus
874 2419 1063 2514 imperitum
1087 2397 1214 2508 linquere
1239 2421 1379 2486 Graecae

244 2535 436 2618 antiquioris.
460 2535 539 2608 Quis
566 2537 647 2600 enim
670 2558 767 2622 aequo
789 2537 893 2600 animo
915 2531 1009 2601 ieret:
1031 2533 1083 2599 xci
1105 2525 1209 2622 μάτην
1228 2523 1378 2622 ψόγος*-

241 2627 346 2722 suumn
366 2645 452 2734 λέγει
473 2642 543 2724 (τᾶς
562 2651 747 2736 puccinum?
779 2631 864 2724 Quid
896 2651 1016 2717 dederit
1038 2651 1169 2715 istorum
1202 2648 1272 2714 loco
1307 2647 1380 2732 ipse

242 2767 346 2847 poeta,
371 2763 497 2848 ignor03
517 2763 570 2828 sed
594 2765 769 2830 istiusmodi
795 2765 1014 2832 additamentis
1036 2765 1165 2844 melius,
1193 2761 1297 2843 credo,
1321 2785 1377 2830 es·

244 2875 385 2942 rebirnus.

284 3203 356 3285 Non
400 3223 528 3307 expedio
567 3225 725 3310 Melcapri
757 3226 964 3312 fragmentum
1001 3249 1048 3313 ap.
1086 3225 1251 3291 Stobaeum
1287 3225 1374 3292 Flor.

241 3337 406 3416 LXXIV,
432 3343 489 3402 12:

440 3445 528 3516 ἔνδον
547 3451 706 3536 μένουσαν
726 3450 783 3542 τήν
803 3451 922 3542 γυναῖκ’
942 3445 1023 3520 εἶναι
1043 3447 1170 3542 χρεών

440 3561 578 3656 ἐσθλήν,
600 3557 727 3653 θύρασι
748 3559 779 3632 δ’
799 3557 892 3646 α’ξίαν
912 3567 973 3633 τοῦ
993 3558 1140 3656 μηδενός.

287 3679 393 3745 Vertit
415 3679 586 3768 eleganter,
609 3687 644 3746 ut
666 3681 762 3761 solet,
782 3682 928 3747 Grotius:

421 3797 504 3861 dora
526 3798 677 3861 conticeri
688 3797 833 3882 feminae
855 3798 987 3882 officium
1004 3795 1119 3880 protae
1141 3799 1201 3870 ert,
1305 3775 1308 3782 ,

412 3912 502 3996 soris
522 3919 670 3996 vaposten
688 3913 812 3978 arellius
830 3913 929 3996 pretii
946 3919 1041 3996 puta,

243 4047 346 4090 verum
367 4027 482 4092 frustra
505 4031 536 4092 te
559 4027 734 4113 torquebis,
759 4035 794 4092 nt
820 4027 905 4093 hunc
928 4049 1049 4092 sensum
1072 4045 1090 4090 e
1114 4023 1251 4113 vulgatis
1271 4025 1379 4112 expis-

244 4143 321 4206 ceris
355 4141 468 4207 Procul
491 4143 571 4207 enim
594 4143 688 4207 dubio
713 4131 858 4208 uitiosum
883 4149 929 4208 est
948 4131 1059 4226 χρεών,
1074 4141 1156 4227 qnod
1180 4165 1197 4206 a
1220 4140 1379 4207 Graeculo

243 4259 412 4348 proiectum
436 4281 503 4323 esse
523 4258 597 4322 mihi
622 4259 797 4345 persuadeo.
821 4260 997 4326 Sententiae
1019 4258 1224 4322 satisfaceret:
1313 4289 1319 4302 ·

399 4365 487 4436 diona
507 4363 667 4453 μὲννυσαν
688 4367 744 4460 τήν
766 4365 883 4458 γυναῖκ’
906 4363 985 4437 εἶναι
1008 4360 1114 4436 δόκει
1136 4369 1197 4435 art.
