2932 5004
652 321 712 382 137

70 503 293 572 scribendum:
325 506 432 572 ἑαυτόν
460 507 503 572 όκ
531 509 586 572 τοῦ
616 503 670 586 ζήν
699 505 899 586 μετέστησεν.
948 507 1088 576 Tandem
1112 508 1256 577 vitiosum

69 649 137 692 esse
156 625 292 692 arbitror
311 625 460 696 ultimum
479 623 574 697 huius
593 629 733 718 excerpti
745 629 951 710 uocabulum:

70 749 171 832 φόορᾷ
199 748 380 830 ιτεριτνιγής
410 745 571 827 γενόμενος
602 747 796 826 ώτήλλαξεν.
844 748 972 830 Voluit,
1004 749 1038 816 ui
1059 748 1171 829 fallor,
1196 771 1257 828 με·

69 865 232 944 τήλλαξιν
260 869 284 936 i.
309 891 339 936 e.
365 890 408 932 ee
430 871 507 934 vita
531 866 710 934 discrerit.
759 869 941 948 Lacunam,
967 891 1063 959 quum
1086 883 1171 938 reete
1194 882 1257 936 sta-

68 1001 203 1056 tuerunt
236 989 295 1056 riri
327 988 413 1056 doeti
441 993 511 1079 p'oet
540 988 604 1071 γόιρ
637 988 688 1078 (ir.
723 988 781 1076 Vl)
813 989 847 1056 in
877 989 1055 1059 vocubulis:
1088 989 1258 1058 noluetum

69 1109 136 1190 γὰρ
237 1118 300 1184 τοῖς
323 1111 427 1190 ώσεβή
448 1110 516 1190 βίον
538 1109 724 1192 αἱρουμένοις
748 1109 819 1192 τρδς
843 1109 990 1192 διόρθωσιν
1011 1110 1123 1188 κακόας
1144 1111 1258 1178 ώτελέ-

70 1245 201 1308 λειττο,
230 1251 295 1296 non
326 1231 409 1299 mule
441 1231 612 1322 expleveris
643 1231 828 1298 scribendo:
862 1230 1030 1300 κόλλιστον
1060 1232 1124 1315 γὰρ
1154 1233 1257 1322 (τοῦτο

70 1349 255 1440 νουόέοήμα)
287 1359 351 1426 τοῖς
382 1351 486 1432 όσεβή
516 1353 599 1428 κτέ.;
622 1351 737 1420 eolleto
760 1352 830 1420 loeo
853 1353 947 1420 simili
969 1352 1042 1420 libr.
1069 1353 1194 1422 XXXII
1215 1355 1257 1420 lr.

72 1471 200 1538 XXVI:
226 1474 301 1542 ἀλλ’
321 1474 374 1555 όριῖ
392 1473 481 1556 μέρος
501 1475 556 1540 οὐκ
575 1471 745 1557 έλιόχιστον
760 1473 832 1556 τρδς
851 1473 997 1556 διόρθωσιν
1010 1480 1069 1542 τών
1081 1475 1257 1558 ώμαρτανο·

72 1591 198 1670 μένων
224 1592 333 1683 (vulgo
351 1593 435 1662 mule
451 1594 710 1676 cimmerium,
729 1594 814 1685 qued
831 1595 1025 1686 pelimprerti
1043 1619 1103 1687 ope
1122 1599 1256 1684 correxi)

71 1713 335 1794 συμβαλλόμενον
367 1723 431 1789 τοῖς
465 1717 627 1797 ώνόρώτως
660 1715 705 1782 τόν
735 1717 787 1782 διὰ
818 1723 874 1791 τοῖς
904 1723 963 1782 τοῖν
991 1717 1258 1798 ἀποτελεσμάτων

71 1835 180 1916 πεῖρας
215 1836 516 1914 νουόετήματα.
562 1835 677 1903 Nostro
712 1848 818 1904 aulem
852 1836 923 1902 loeo
956 1837 991 1902 τδ
1024 1837 1075 1904 διδ
1109 1845 1164 1912 τοῖς
1198 1845 1258 1904 τών

73 1954 340 2034 ἀποτελεσμάτων
362 1955 471 2037 τεόρας
494 1955 663 2037 νουόέτνμα
686 1969 754 2024 eret
773 1956 1007 2037 limianorum,
1027 1963 1086 2024 τών
1105 1961 1258 2044 τροώσιαρ·

72 2073 191 2152 ξώντων
213 2083 269 2152 τῆς
292 2077 494 2160 μιαιφονόας,
516 2078 674 2146 interitus.

118 2197 173 2272 Es.
207 2195 281 2264 Vll.
303 2275 310 2289 ·
336 2197 466 2271 Σώλλως
488 2233 535 2248 -
557 2199 698 2279 ἐπέβαλε
728 2199 788 2273 τοῖς
818 2207 930 2283 χεῖρας
959 2201 1054 2283 τρισὶν
1084 2202 1191 2283 ἱεροῖς,
1226 2201 1258 2266 έν

74 2310 114 2392 οἷς
148 2315 355 2396 εῖναόνμώτων
378 2351 424 2370 -
446 2319 560 2395 τλήόος
591 2314 678 2394 ήνέν
699 2319 757 2399 μὲν
779 2325 918 2403 Δελφοῖς
940 2321 983 2403 rei
1005 2320 1178 2390 ’Λτόλλωνι
1202 2347 1258 2390 κα·

73 2436 260 2520 έιερωμένα.
315 2437 438 2506 Immo:
476 2439 730 2522 καθιερωμένων.
777 2441 816 2508 ln
849 2441 915 2509 fine
948 2443 1086 2532 exeerpti
1119 2442 1254 2533 legitur:

72 2557 368 2659 εὐτραπελευόμενος
392 2558 418 2624 δ’
440 2559 634 2644 ώτεΦαόνετο
657 2570 827 2643 κροτεῖν
849 2563 891 2643 τῷ
914 2561 1039 2644 τολόμῳ
1063 2561 1185 2636 τόνους
1205 2563 1257 2630 διώ

73 2681 106 2744 τό
136 2680 208 2752 τοὺς
239 2678 321 2753 uere
351 2681 436 2761 αὐτῷ
467 2689 622 2761 συνεργεῖν
652 2680 884 2763 εῖσενκνοχότας
914 2679 1086 2762 χρημάτων
1116 2682 1196 2748 τολώ
1226 2705 1258 2746 τι

72 2801 185 2874 πλῆθος
208 2800 304 2880 αὐτῷ.
352 2797 561 2890 suspicabar:
588 2799 819 2882 εἰσενήνοχότας
845 2799 954 2890 (διῖόεν)
978 2799 1149 2883 χρημάτων
1172 2803 1257 2880 κτέ.,

74 2942 156 3009 quae
183 2919 339 3010 particule
373 2920 439 2987 iere
469 2920 631 2988 sollemnis
653 2933 701 2988 est
723 2922 757 2986 in
779 2921 1137 2991 huiusmodi-sententie
1160 2924 1258 2990 ironi-

74 3063 128 3119 σε,
165 3039 220 3108 red
255 3041 325 3108 beri
358 3055 479 3132 potest,
516 3055 553 3108 ul
587 3043 631 3109 sie
662 3043 832 3110 coniiciens
855 3043 991 3110 nimium
1013 3043 1089 3110 huie
1112 3044 1258 3133 scriptori

74 3161 252 3228 tribuerim.
302 3160 433 3228 Certum
457 3185 530 3232 vero
554 3176 601 3230 est
622 3187 680 3254 pru
703 3171 847 3246 κροτεῖν
871 3165 989 3254 requiri
1013 3167 1225 3246 κρατήσειν.

118 3282 172 3348 ur.
198 3281 278 3350 vul
300 3305 398 3373 prope
421 3283 538 3352 finem:
564 3283 739 3350 ἀποδιδόναι
761 3284 804 3350 τόν
827 3284 1054 3367 δινρτασμένα
1073 3284 1256 3375 pervulgato

75 3425 177 3472 errore
208 3404 361 3493 seriptum
390 3425 448 3494 pro
477 3404 521 3470 τόν
551 3404 747 3486 ἡρπασμένα.
795 3405 917 3474 Ibidem
949 3429 993 3472 rs.
1020 3409 1082 3472 29:
1110 3406 1124 3472 ό
1148 3405 1178 3470 δὲ
1201 3405 1257 3480 τήν

76 3526 180 3592 sum
210 3523 317 3592 αῖσόαν
345 3524 410 3591 leri
440 3525 511 3600 τοὺς
534 3525 728 3606 στρατιώτας
751 3526 923 3605 ώνέτεμτε.
971 3525 1090 3590 Verum
1113 3524 1253 3592 ridetur:

76 3647 130 3717 εῖς
158 3645 230 3720 τοὺς
262 3646 474 3728 στρατιώτας,
508 3658 544 3714 ut
572 3658 657 3712 reete
683 3646 788 3714 editur
818 3647 853 3713 in
875 3647 916 3712 ir.
942 3645 1005 3712 Vl.
1031 3646 1086 3722 τήν
1107 3647 1257 3728 τιμωρόαν

76 3767 107 3830 ri
114 3791 131 3840 ς
157 3768 214 3844 τήν
236 3771 296 3832 τών
318 3767 389 3834 όειῖν
412 3765 550 3850 τρόνιιαν
573 3767 763 3846 οῖνέτεμτον.
812 3766 952 3834 Tandem
975 3766 1120 3856 require:
1147 3771 1201 3834 τοῦ
1224 3768 1256 3836 δέ

79 3885 220 3956 Φλάκκου
244 3886 318 3966 μέν
340 3887 413 3966 μετ’
437 3887 744 3964 όνατώσεως-τών
767 3889 798 3954 δὲ
821 3893 1013 3970 στρατιωτῶν
1035 3890 1069 3956 οὐ
1092 3891 1156 3956 κτέ.
1182 3889 1256 3981 upi-

77 4009 219 4074 lomrtori
238 4007 403 4074 tribuerim
416 4009 576 4076 sordidum
595 4009 753 4077 scribendi
769 4033 869 4101 genus
888 4011 920 4076 in
933 4011 1009 4078 noni
1021 4011 1160 4102 ereerpti
1171 4011 1252 4078 liner
1290 4024 1297 4032 '

77 4105 131 4202 ιτιὶς
163 4127 195 4196 δέ
221 4127 267 4208 μή
290 4127 512 4203 ὑπακουσώσας
535 4129 641 4204 πόλεις
664 4131 862 4212 ἕκτολισρκών
883 4133 927 4204 εἷς
949 4131 1126 4214 διαρπαγήν
1149 4131 1252 4212 έχαρό·

77 4248 140 4329 ζετο
157 4255 220 4322 τοῖς
243 4250 459 4330 στρατιώταις.
483 4249 536 4318 καὶ
559 4249 767 4329 Νικομήδειαν
791 4250 945 4333 παρέδωκε
967 4260 1030 4326 τοῖς
1050 4251 1252 4334 στρατιώταις

76 4371 115 4444 οῖς
141 4367 327 4452 διαρπαγήν.
375 4368 458 4436 Nem
490 4369 602 4438 Graeci
630 4369 766 4438 seribere
792 4371 894 4440 solem
923 4373 957 4440 in
985 4370 1072 4440 hune
1099 4369 1249 4438 modum:

76 4491 130 4566 τοῖς
152 4493 179 4560 δ
199 4489 306 4564 ἄλλοις
324 4490 385 4566 τοῖς
408 4491 454 4570 μή
477 4491 542 4558 κτέ.
566 4529 610 4542 -
634 4489 702 4558 καῖ
727 4493 771 4568 δή
794 4493 862 4559 καὶ
886 4493 1109 4574 Νικομήδειαν,
1132 4489 1252 4560 omissis

75 4613 127 4692 iis,
150 4635 232 4703 quie
256 4623 444 4702 sequuntur.
993 4703 1028 4754 18
